1737 2508
1162 194 1383 257 Núm. 128 .
361 1120 1433 1235 COLECCION DE COPLAS NUEVAS
857 1228 932 1304 DE
175 1295 1596 1429 FANDANGO , MALAGUEÑAS
549 1408 1252 1538 Y RONDEÑAS.
238 1701 710 1757 El amor es como el niño
190 1745 693 1803 que se enoja y tira el pan,
192 1791 654 1849 y en haciéndole cariños,
196 1874 687 1887 calla y lo vuelve á tomar.
238 1874 754 1941 Entra el amor por los ojos,
190 1924 639 1983 se deposita en el pecho,
194 1962 604 2025 le alimentan los oidos
194 2006 685 2073 y le matan los desprecios.
909 1699 1402 1755 ni el escribano le escucha,
909 1738 1367 1801 ni el abogado le atiende.
953 1786 1456 1847 Cuando uno quiere á una,
911 1830 1352 1891 y esta una no le quiere,
909 1876 1429 1931 es lo mismo que si un calvo
909 1922 1542 1983 se encuentra en la calle un peine.
236 2058 702 2112 Piensan los enamorados,
186 2094 716 2158 piensan, y no piensan bien,
192 2142 712 2204 piensan que nadie los mira
194 2181 650 2248 y todo el mundo los vé.
953 1960 1387 2023 Un rosal cria una rosa,
909 2004 1331 2064 una maceta un clavel,
911 2058 1341 2112 un padre cria una hija
913 2096 1312 2158 y no sabe para quien.
234 2269 727 2296 Es amor como el pleitista,
192 2278 641 2344 cuando dinero no tiene,
955 2140 1458 2202 Al que le quieren de balde
907 2181 1379 2244 no venga pidiendo celos,
907 2225 1398 2290 que harto favor se le hace
911 2276 1381 2355 con quererle pelo á pelo.
