1217 1760
509 136 528 152 8
433 1177 591 1265 FIN
328 1475 685 1535 CARMONA: = 49.
91 1613 935 1672 Imprenta y librería de D. J. M. Moreno, calle
424 1651 591 1752 Oficiales.
174 148 632 199 Alguacil, llevadle preso,
174 186 899 247 y Lodos los demas salgan. salen.
46 227 397 286 Tod. Ya salimos.
39 272 427 331 Ale. No consiento;
174 324 557 376 pido mi jurisdicción.
39 366 720 420 Mug. Está en mi mano el derecho.
45 410 672 460 Tod. Venga á la cárcel al punto.
38 456 670 511 Ale. Pues qué va de veras esto?
170 495 572 557 Alcalde de poco acá,
168 547 513 598 Alcaldiritito bello,
168 582 660 645 piedad, y dadme mi vara.
36 632 656 689 Mug. Como ofrezca el majadero
170 677 827 734 pedir perdón al borrico, está libre.
36 720 434 778 Ale. Yo lo ofrezco:
168 767 930 831 mas con tal que aun que me encuentre,
173 814 698 859 no quiero que me dé besos.
41 853 704 912 Tod. Pues demos fin con un baile
167 896 613 959 para divertir el tiempo.
