1752 2480
287 1012 1385 1258 EL BARATERO.
146 1337 1536 1434 Sátira nueva en que se declara el famoso Baratero que ha salido en
231 1409 1460 1496 Cuarte, y en ella hallarán las demás hazañas y valentías que
500 1457 1185 1550 ha hecho en España y eñ Francia.
186 1581 781 1645 Todo el mundo ha de temblar
140 1628 593 1696 de este noble baratero,
132 1684 579 1748 soy el tuerto Calachan
136 1719 690 1800 que á nadie le tengo miedo.
283 1779 779 1847 De edad de quince años •
235 1822 695 1891 siendo yo un chiquillo,
231 1872 546 1940 aprendí á jugar
237 1919 663 1988 muy bien el cuchillo.
283 1969 618 2033 Y eran mis ideas
237 2027 680 2087 de irme algunos ratos,
229 2074 581 2141 por cafés y plazas
235 2124 649 2184 á cobrar los cuartos.
291 2165 771 2248 Yo soy hijo de mi madre
862 1574 1249 1649 y sobrino de mi tia,
860 1634 1358 1694 abuelos nunca he tenido,
862 1688 1361 1744 según mi hermano decía.
1009 1729 1450 1798 Soy nacido en Cuarte,
961 1783 1284 1845 criado en Maria,
961 1824 1232 1891 hijo de Pacay
959 1876 1352 1942 que en él nadie fra.
1011 1924 1433 1992 Tengo unos parientes
961 1973 1365 2041 que es causa de risa,
961 2023 1313 2089 si uno va descalzo
963 2081 1319 2132 otro va en carnisa.
912 2118 1348 2182 Sólo por estas razones
862 2163 1350 2260 me despedí de mi gente,
