1737 2508
165 250 614 336 platico como é debio,
173 317 693 386 en la tierra abrá mas brio
175 372 675 438 que tienen la sigarreras.
171 422 599 482 Con su mantiya terciá
175 472 564 547 y su bestio é laniya,
171 537 579 599 no paese Carmeliya
175 581 587 647 una santa en el artá?
175 627 727 706 —Tiene osté mucha razon.
173 683 777 752 —Que si la tengo, me jundo.
175 739 804 817 si no se encuentra en el mundo
179 792 622 861 mujé de ma pefesion.
173 844 643 919 Se juntó gúena coyera,
181 898 654 969 un mosito como un pino
181 955 683 1019 y una mosa sandunguera.
177 1003 576 1078 Soy torero y bebeó,
173 1055 656 1130 y si é licó de lo güeno,
177 1113 700 1185 en tres meses no me lleno
175 1164 547 1226 esta pansa é licó.
181 1214 691 1285 Canto tambien la serrana
186 1264 729 1345 de Juan de Dios y Planeta,
177 1329 624 1400 yo canto la Sevillana,
181 1381 608 1440 y toco las castañetas.
177 1425 606 1498 Si hablamos é toreá,
183 1485 668 1552 toita la jente se espanta
183 1538 704 1605 tan solo de ver mi planta,
186 1586 597 1655 y mi mucha sereniá.
188 1636 558 1705 Veraste camaraita;
188 1694 614 1763 sali yo en una corria,
192 1743 727 1818 compare, en Ronda una vé
194 1803 591 1872 y me suertan una re
192 1851 683 1924 mu ligera y muy brabia,
198 1914 708 1975 y como yo soy tan torero,
196 1962 566 2027 le ije á mi camará,
196 2010 777 2083 caracole, no hay que temblá
190 2062 794 2131 que está en la plaza un torero.
198 2115 589 2186 En cuanto le ije, je,
188 2167 750 2246 arto allá, que aquí estoy yo,
192 2225 627 2311 compare, me se queó
890 248 1371 342 mas quieto que esa paé.
894 309 1306 388 Viéndolo atemorisao,
890 367 1312 438 lo agarré po é josico;
894 428 1396 491 como si fuera un borrico
892 482 1421 549 muy viejo y mu amansao.
898 524 1429 599 Viendo la gente esta azaña
896 583 1410 654 me tiraban los sombreros
905 631 1387 695 diciendo, viva el torero,
905 685 1525 767 no hay quien lo jága en España.
900 737 1289 808 Si jablamos é bebé,
905 798 1454 861 compare, pierdo la cuenta,
905 856 1394 917 consumo toa las ventas,
896 896 1371 971 que hay de aqui á Jeré.
905 953 1383 1022 Quiero una mosa juncá
907 1007 1333 1078 con ojos de terciopelo
902 1061 1350 1124 sobre una cara é cielo
911 1111 1358 1180 manchaita de un luná
902 1174 1442 1226 que sea su pié una pintura
902 1224 1410 1291 y toa su boca un confite
911 1268 1544 1348 que pá hablá cuando se enrrite
911 1331 1400 1394 se le esponje la sentura.
911 1375 1436 1446 que sea un sellito su mano
915 1429 1323 1498 y sus deitos cadete,
913 1490 1456 1554 y toito el brazo un juguete
907 1540 1327 1607 apreciao pó un jitano.
919 1590 1385 1657 Que venga una mosa así
919 1636 1383 1713 y me diga ¡jai chiquillo!
923 1692 1354 1766 ¡me quieres resalaillo!
919 1751 1352 1816 y me mato ahora aquí;
921 1799 1406 1868 ma jogue si no es verdá,
919 1860 1463 1920 Antonio Cruz no te engañas
905 1897 1492 1979 ¿quies tu callá? ¡y la pestaña!
913 1958 1333 2033 ¡y la boca! y el andá!
915 2008 1465 2079 y el cabello de una endrina
919 2060 1471 2140 ¡y el pié, puñales, y el pié!
921 2127 1423 2188 como no vea á esa mugé
911 2173 1527 2234 ma choco contra una esquina.
907 2221 1346 2326 No lo pueo remediar
1423 211 1456 292 3
