1188 1758
726 136 746 200 4
258 181 652 234 Alc. No digo bien?
258 224 687 278 Homb. Es desatino eso.
256 271 558 320 Alc. Alguacil?
252 310 686 366 Sale. 1. Qué mandais?
258 355 668 408 Alc. Llevadle preso.
256 395 1186 462 Homb. Pues no podeis errar como hombre humane
256 443 1064 499 Alc. Dios nos tenga, señores de su mano!
390 484 1058 546 Llevadle preso, que es un hablador
390 528 1048 591 A un Alcalde se trata de herrador!
256 581 1072 634 Homb. Yo digo que vá errado ese despacho.
255 622 1094 682 Alc. Dos veces herrador! sois un borracho.
390 672 1124 723 Que es decirme que doy yo sin cordura
388 710 1160 774 una en el clavo y ciento en la herradura!
387 748 555 811 Llevadle,
255 795 519 855 1. Vamos.
255 846 1094 899 Homb. Ved que estaís sin tino. vase.
255 887 1051 949 Alc. Y echadmele las calzas del pollino.
255 934 1145 988 Esc. Envidia me dais, cierto, por mil modos.
253 975 1070 1032 Alc. Que no es el ser Alcalde para todos.
255 1021 1117 1082 Sale. 1.Ya queda á buen recado. Qué Cordura!
253 1062 1117 1129 Alc. Veremos quién ha hecho la herradura.
388 1113 794 1172 Proseguid, Escribano.
261 1152 668 1210 Esc. Idme notando,
257 1207 1094 1251 Alc. Por Pregonero real mando y remando
388 1239 1020 1297 á todos los lugares bien distantes.
382 1284 1095 1347 que se hallaren estantes y habitantes,
387 1331 1034 1393 que por tal al borrico no sea dada
385 1374 970 1438 favor ni ayuda, paja ni cebada;
388 1419 1061 1478 supuesto que en la cárcel hizo fiero
385 1466 916 1525 á patadas y coces un bujero.
306 1513 1041 1570 1. Alcalde, qué decis! estais sin seso?
258 1554 555 1610 Alc. Alguacil?
255 1598 643 1652 Sale. 2.Qué mondais?
253 1639 1056 1705 Alc. Llevadle preso. ( llévalo )
258 1686 778 1741 Ese. Jesus, qué desatinos!
