1737 2508
474 447 1523 618 SEGUNDA PARTE.
298 741 1732 856 EN QUE SE PROSIGUEN LOS
290 838 1714 957 Sucesos de Rosaura y D. Antonio
294 950 1705 1049 Narvaez:dáse cuenta de varios lan-
294 1045 1703 1157 ces,y como se la trajo á Córdoba,
303 1149 1703 1262 donde se desposaron, y lo demas
478 1256 1532 1368 que verá el curioso lector.
353 1473 911 1538 Ya dije en la primera parte
298 1525 798 1586 como quedé tan absorto
298 1580 758 1638 en Cordoba, sin saber
294 1623 869 1684 de Rosaura, y de este modo
298 1672 806 1734 adquirí algunas noticias:
296 1722 783 1784 sagaz, astuto y mañoso
294 1763 679 1832 solicité la amistad
296 1809 865 1881 muy estrecha con un mozo
294 1864 765 1924 de la casa de Rosaura;
307 1916 842 1977 y éste me dijo á mi, como
298 1966 792 2023 á Madrid se la llevaron:
294 2006 800 2071 aqui quedé mas absorto,
300 2060 850 2121 por saber de que su padre
303 2104 752 2169 la prometió afectuoso
298 2150 831 2238 en Madrid á un caballero:
1028 1471 1536 1536 á buscarla me dispongo;
1030 1527 1488 1590 y un amigo me prestó
1030 1569 1513 1630 cincuenta pesos en oro.
1034 1613 1521 1682 Y disponiendo el viage,
1032 1672 1550 1730 al punto el camino tomo:
1024 1711 1571 1782 salgo de Córdoba, y entro
1036 1763 1486 1826 en aquel espeso toldo
1032 1814 1596 1876 de la gran Sierra—Morena,
1030 1862 1507 1929 aquel pirámide bronco,
1030 1916 1519 1977 aquella torre de ramas,
1032 1958 1436 2021 aquel paraiso tosco
1026 2006 1496 2069 de fragantes azucenas;
1034 2050 1619 2121 busco á Rosaura en troncos;
1032 2104 1481 2169 loco sin sentido digo:
1032 2148 1714 2234 montes, aves, fieras, mónstruos,
