1737 2508
378 1201 1555 1360 DON JUAN DE LA TIERRA.
752 1442 1187 1569 SEGUNDA PARTE.
319 1594 854 1669 Tomó la pluma don Juan,
269 1653 775 1726 y de esta suerte notaba:
269 1697 802 1768 « Desde el instante que ví
271 1751 802 1820 esa hermosa mano blanca
271 1799 765 1866 quedé confuso, señora,
271 1845 840 1914 tan rendido y tan sin alma,
271 1891 925 1970 que aunque vivo no estoy vivo
275 1947 865 2021 porque no vivo en tu gracía,
278 1991 796 2067 por lo cual yo te suplico,
278 2037 760 2108 si merezco dicha tanta
275 2092 785 2156 de ver esos dos luceros,
280 2138 777 2207 ó esa gracia estremada;
278 2175 971 2276 tendrás por esclavo á un hombre
1005 1580 1684 1651 que es gran príncipe de España,
1011 1638 1433 1705 y al recibir el favor,
1005 1682 1596 1755 te daré el premio y la paga
1005 1732 1530 1793 de mi real mano y serás
1007 1774 1540 1847 la infanta mas celebrada,
1013 1828 1519 1893 y en tu escudo pondrás
1007 1872 1567 1945 Castillo y Leon por armas.
1015 1914 1557 1989 Guárdete el Cielo, Señora,
1015 1972 1546 2039 y cumple mis esperanzas. »
1011 2021 1475 2098 El portador se partiò,
1017 2064 1601 2144 dió en mano propia la carta,
1013 2115 1507 2192 rompiò la nema y leyó,
1020 2165 1475 2276 y la respuesta notada
