1763 2505
1163 50 1460 231 Número 306.
210 1183 1435 1363 DOÑA TERESA DE LLANOS
160 1432 770 1551 Presteme silencio el mundo,
843 1444 1455 1544 Murió su padre y su madre,
110 1494 699 1596 mientras que voy esplicando
841 1521 1453 1599 y en poder de dos hermanos
112 1557 635 1640 de una muger los arrojos,
839 1565 1355 1636 quedó: y viéndose muger
119 1611 568 1682 valentías y desgarros.
845 1619 1441 1699 de edad de unos veinte años,
108 1651 657 1740 En la Ciudad de Valencia,
845 1663 1376 1745 por no sugetarse à nadie,
112 1715 551 1776 cuyo circulo y espacio
841 1713 1278 1786 procuró tomar estado
108 1757 563 1824 adornó Febo con luces
848 1757 1351 1837 con un mozo bien nacido;
112 1805 566 1874 de sus eminentes rayos
843 1811 1405 1891 mas al fin se lo estorvaron
108 1847 666 1933 nació de padres muy nobles
845 1866 1359 1937 sus hermanos, y la dicen;
112 1897 574 1978 Doña Teresa de Llanos
845 1912 1326 1987 con bastantes amenazos,
100 1947 528 2026 tan virtuosa y afable,
848 1951 1332 2033 que si se casa con él,
104 1987 695 2083 como honesta en su recato.
848 2004 1349 2074 han de procurar matarlo;
102 2047 672 2135 Se infundió en su corazon
843 2054 1401 2131 porque no es gusto de ellos,
112 2093 570 2175 el valor mas arrojado,
843 2112 1368 2185 mas al fin lo ejecutaron.
116 2141 660 2229 que se la visto en criatura,
839 2156 1364 2233 La dama, asi que lo supo,
104 2193 616 2312 ni han oido los humanos.
841 2206 1424 2342 toma al Cielo con las manos;
