1737 2508
1369 275 1599 349 (Núm. 43.)
443 338 1433 451 DON RODULFO DE PEDRAJAS.
213 1249 1630 1375 NUEVA RELACION,
211 1339 1632 1450 en que se dá cuenta de los valerosos hechos y aventuras que le sucedieron
269 1398 1563 1494 á este caballero, y como S. M. lo premió por sus distinguidas hazañas.
252 1488 708 1580 Todo valiente se esconda,
202 1548 627 1613 no manifieste la charpa,
204 1584 604 1651 á vista de mis arrojos
202 1621 737 1699 tiemblen los guapos de España,
202 1661 606 1730 temple su ira Oliveros
202 1699 641 1770 vencedor de las batallas;
200 1747 664 1807 calle Bernardo del Carpió,
204 1789 683 1845 que entre cerros y cañadas
196 1826 664 1891 se quedó pidiendo guerra,
198 1862 693 1945 por yerro de su ignorancia.
196 1906 635 1966 No soy el Cid ni Sanson
194 1945 616 2008 que columnas derribaba
192 1983 670 2056 en venganza de su agravio,
194 2023 568 2083 cuyo valor publicaba,
194 2060 702 2129 que morir por Dios y el Rey,
192 2096 618 2165 es dar lauros á la fama.
194 2131 666 2211 Y porque sepan quien soy,
188 2181 620 2244 mi nacimiento y crianza,
188 2211 641 2288 nací en Morales del Rey,
186 2250 635 2324 yo, Rodulfo de Pedrajas,
183 2292 687 2367 que el astro de mi fortuna,
183 2334 645 2422 me señaló letras y armas.
934 1513 1461 1600 Llegué á cumplir veinte años,
934 1567 1440 1638 compré un caballo y charpa,
936 1603 1300 1674 y cargado de tabaco,
928 1651 1258 1707 á Zaragoza pasaba,
923 1684 1321 1751 en breve lo despaché,
932 1728 1387 1793 y volviéndome á mi casa,
925 1770 1394 1830 encontrando en el camino
928 1805 1392 1876 á Pelagio, que los guardas
923 1843 1318 1908 lo llevaban maniatado,
932 1887 1327 1949 y despojado de armas,
921 1926 1256 1983 así que los conocí,
919 1958 1373 2031 los aguardé que llegaran,
923 2006 1306 2067 y les dije: caballeros,
923 2046 1390 2110 aquese preso y las cargas,
921 2081 1289 2142 al punto lo soltareis,
921 2115 1413 2190 que don Rodulfo lo manda,
917 2165 1321 2225 aqui es preciso morir,
919 2192 1429 2269 que la muerte á todos llama,
917 2242 1425 2311 A un tiempo me dispararon,
915 2282 1350 2347 dándome carga cerrada,
915 2319 1323 2378 yo disparé mi trabuco,
917 2363 1369 2441 y les maté cinco guardas,
