1737 2508
181 252 714 298 Yo le dije: hermosa dama,
181 290 739 353 ¿qué bruto ni qué soberbio
183 338 597 395 animal será bastante
177 386 635 440 á librarse del incendio
183 428 643 501 ó rayo de mi escopeta?
186 476 704 549 y asi si quieres que luego,
183 532 683 595 te saque de este peligro,
186 576 693 641 levanta no tengas miedo.
186 622 660 689 Tomándola de la mano,
179 677 708 733 sigo la márgen de presto:
183 725 658 785 y al cabo de breve rato
190 773 781 833 vino el Oso, y la echó menos;
181 819 675 886 y rastreando las huellas
186 867 850 934 siguió el monte como un trueno:
186 917 721 978 nos divisó, y dió un bufido
179 963 752 1032 tan grande, que te prometo,
192 1011 729 1078 que se estremeció la selva
181 1061 700 1126 y la dama en este tiempo
188 1113 654 1168 se quedó toda turbada.
190 1153 725 1220 Y el irracional sangriento,
186 1205 670 1272 para quitarnos las vidas
186 1256 710 1316 se fue acercando soberbio
194 1299 710 1371 y encrespando la guedeja:
190 1356 700 1414 yo asegurando de presto,
198 1398 748 1465 dandome licencia el muelle,
196 1444 729 1515 despidió el cañon soberbio
194 1502 654 1561 cinco saetas de plomo,
200 1548 731 1613 que al animal en el pecho,
194 1596 637 1655 sin reparar su fiereza,
194 1640 723 1709 le abrieron cinco agujeros,
198 1692 752 1759 que por el menor la muerte
194 1736 806 1803 supo anchuroso entrar dentro;
190 1782 733 1853 dió un bufido, y al instante
194 1832 785 1897 midió con su cuerpo el suelo:
190 1881 737 1943 y volviendo en si la dama,
188 1935 775 1995 me echó los brazos al cuello.
190 1975 614 2046 Bizarro jóven; decia,
192 2018 702 2094 el ser tu esposa prometo
188 2081 662 2138 en pago de esta fineza.
188 2123 708 2225 Yo la respondí: concedo.
1431 181 1471 261 3
905 271 1444 300 Nos dímos palabra y mano,
900 284 1454 344 de esposos, y prosiguiendo
909 338 1413 397 me dice: toma esta cinta,
907 382 1404 447 que dias há que la tengo
911 432 1467 493 para el que fuere mi esposo:
909 480 1385 539 y si no quieres creerlo,
911 524 1291 589 ella dira la verdad,
913 574 1364 639 y quedarás satisfecho;
902 624 1456 689 y el guante que mio tienes
909 677 1527 739 guardalo, que en algun tiempo
913 723 1429 783 podrá ser de que te sirva:
915 771 1494 831 quedate en paz, dulce dueño,
905 810 1410 884 y mira que no te olvides
911 863 1492 930 que á la cuarta noche espero
923 913 1433 980 en mi Quinta, en una reja
915 959 1425 1022 que tiene unos maceteros
909 1009 1364 1074 de fragantes azucenas;
909 1053 1500 1124 no haya falta por que espero,
909 1109 1456 1170 y á breve rato, en el monte
923 1155 1442 1216 vimos venir con estruendo
921 1201 1423 1266 nueve hombres á caballo
917 1247 1358 1318 y la dama conociendo
921 1304 1473 1368 á su Padre y dos hermanos,
915 1354 1481 1419 y otros de acompañamiento
923 1404 1402 1467 que la venian buscando,
921 1452 1379 1511 me dijo querido dueño,
919 1502 1532 1563 conviene que ahora te apartes,
921 1540 1509 1613 porque al primer movimiento
917 1594 1396 1655 han de quitarte la vida,
917 1638 1458 1711 y no con viene que á ellos
921 1692 1419 1755 hagas fuga en este sitio.
925 1736 1425 1805 Ocultéme entre lo espeso
919 1791 1429 1849 sin ser visto de ninguno;
921 1835 1448 1903 llegeron en breve tiempo
917 1883 1396 1949 los que venian á caballo
915 1935 1392 1998 con alegria y contento:
915 1975 1404 2044 llegaron y la abrazaron,
919 2025 1456 2096 y de aquel sitio se fueron.
925 2075 1494 2140 Yo me quedé en la espesura
923 2129 1461 2225 confuso, triste y suspenso:
