1628 2432
1461 135 1482 198 3
1096 2265 1463 2334 SEGUNDA PARTE.
989 2354 1548 2423 Ya dije con cuantas glorias
220 186 675 243 Griselda también venia
216 235 715 289 con un cántaro de agua,
220 271 638 340 y dejándolo do prisa,
216 316 748 372 salió con otras muchachas
218 358 768 425 á ver del marques la novia
218 403 703 464 y Gualtero con palabras
218 453 756 506 halagüeñas por su nombro
216 488 693 551 llamándola, así le habla:
218 535 810 597 Griselda donde está tu padre?
218 579 681 640 Y Griselda con vos baja
218 624 691 687 le responde: Señor mió,
218 674 812 731 mi padre está dentro en casa.
218 711 608 774 Apeóse el caballero,
220 755 709 824 y dijo á los que llevaba
216 798 774 861 que un poco se detuviesen
220 841 725 905 que saldría sin tardanza.
220 889 703 950 Entróse solo allá dentro,
223 930 772 993 con el padre se encontraba
220 976 705 1037 do Griselda, y le saluda,
220 1023 772 1086 y de esta suerte le habla:
220 1072 709 1126 Janículo muy bien sabes
218 1102 792 1171 que eres mi vasallo, y tanta
218 1155 721 1220 voluntad tengo á tu hija,
220 1199 717 1258 que dispongo de tomarla
220 1242 695 1305 por esposa, es tu gusto,
223 1288 770 1351 mas juzgo que repugnancia
223 1329 875 1386 no habrá alguna puesto que eres
220 1372 748 1440 dichoso en esta embajada,
223 1418 750 1479 tu respuesta espero ahora.
223 1467 731 1522 Y con vergüenza sobrada
220 1503 671 1568 Janículo les responde:
220 1548 731 1613 señor, no merezco nada,
220 1594 843 1661 mas si gustáis de este empleo,
220 1637 723 1700 vuestra voluntad se haga.
223 1686 748 1744 Llámala al punto, le dice,
220 1728 821 1789 que quiero hablar dos palabras
220 1775 675 1842 con ella, si es gustosa;
223 1813 618 1874 y Janículo la llama.
218 1858 685 1921 Vino Griselda corriendo
220 1911 703 1967 á ver lo que le manda
220 1943 703 2008 su padre: y el caballero
218 1984 695 2055 le dice: Griselda amada,
218 2034 786 2101 tú gustas de ser mi esposa?
220 2085 723 2150 Y ella responde turbada,
220 2123 693 2186 señor mió yo tu esposa?
223 2172 782 2237 no gastes conmigo chanzas,
223 2211 768 2273 que soy pobre, y diferentes
220 2265 729 2316 son tu palacio y mi casa:
220 2296 717 2373 conoció en esto Gualtero,
220 2342 683 2415 que ella se consideraba
936 178 1421 243 indigna de un tal empleo;
936 224 1384 291 y le dice estas palabras:
938 267 1407 334 dime, tú serás constante
940 312 1394 376 en todo cuanto yo haga?
938 362 1415 421 Y ella respondió, señor,
940 407 1437 464 si de improviso'mandáras
938 449 1407 508 que me quitaran la vida
938 492 1482 547 con la muerte mas amarga
940 537 1398 595 que bárbaros intentasen
940 583 1473 636 no romperé mi constancia.
940 630 1504 689 Bastante has dicho con eso,
944 666 1453 729 dijo, y al instante manda
940 711 1425 774 á dos dueñas que traía,
942 755 1435 818 que la ropa que llevaba,
944 804 1400 861 la quitasen y vistiesen
944 845 1467 901 de aquellas costosas galas
938 883 1396 950 que traían prevenidas.
942 938 1443 995 Y muy en breve la saca
944 978 1358 1037 ataviada y compuesta
946 1025 1477 1080 á la puerta y en voz alta
944 1068 1445 1130 dijo esta es mi consorte,
944 1110 1425 1169 esta es la que destinada
944 1161 1548 1220 tengo, ya hace mucho tiempo
944 1199 1484 1260 para ser mi esposa amada.
942 1248 1409 1303 Esto que todos oyeron,
940 1286 1461 1353 los sombreros y las capas
944 1335 1482 1394 por los aires se estendian,
946 1382 1441 1438 con Víctores y alabanzas,
942 1424 1449 1485 pues su señor les cumplía
942 1473 1404 1528 el gusto que deseaban.
944 1513 1394 1572 A Griselda la pusieron
946 1558 1579 1613 en un coche: y luego marchan
944 1592 1402 1657 á la ciudad diligentes,
946 1649 1445 1702 en donde alegre se cosa
946 1688 1522 1751 el marqués. Pero que gozo!
946 1730 1477 1793 que júbilo! que alabanzas!
942 1773 1488 1842 qué placeres! que alegrías!
942 1819 1508 1884 quo toros! juegos de cañas!
944 1862 1486 1929 que comedias! qué deleites!
944 1909 1435 1969 por la córte celebraban!
944 1955 1449 2016 Quéde pues en la alegría
944 1994 1398 2065 aquesta primera plana,
946 2038 1518 2107 que en la segunda prometo,
946 2087 1488 2150 de penas, aunque calladas,
944 2128 1522 2190 darle a mi auditorio atento
946 2170 1423 2243 una noticia muv larga.
