1690 2523
1008 109 1288 189 Número 347.
500 1461 923 1534 PRIMERA PARTE.
359 1141 1069 1229 ADMIRABLE HISTORIA
4 1198 1412 1284 de don Cárlos y Lucinda, naturales de Valencia, y como á un hijo
48 1261 1363 1332 que. tuvieron llamado Julián, le habló un Ciervo saliendo á caza.
101 1307 1317 1387 Declarase lo que le dijo, y lo que después sucedió á Julián.
86 1560 625 1639 Suene el clarin de la fama
6 1618 505 1688 con sus sonoros acentos,
0 1678 486 1728 ,y por la región del aire
4 1728 507 1795 ospaiza sus dulces ecos:
6 1778 439 1850 oiga lodo enamorado,
6 1831 446 1898 atienda todo discreto,
8 1890 498 1955 todo galán presto oidos,
6 1944 471 2003 todo joven esté atento,
12 1984 572 2058 los que de finos se precian,
10 2041 517 2108 de amantes y caballeros,
734 1551 1254 1625 En la ciudad de Valencia,
732 1610 1258 1677 córte y emporio del reino
732 1663 1281 1734 Valenciano, donde habitan
736 1717 1256 1782 tantas envidias de Venus;
732 1763 1325 1845 pues las damas que produce
736 1824 1262 1888 son de aquel cupido ciego
736 1877 1239 1949 flechas doradas y aljaba,
734 1923 1273 1995 con que logra sus trofeos:
736 1976 1178 2043 En esta bella ciudad,
740 2033 1258 2106 de Chipre, jardín ameno,
738 2087 1102 2155 un caballero vivia
742 2142 1328 2226 do los nobles de aquel reino;
0 2101 550 2154 pues todos en esta historia
12 2144 587 2234 bien pueden lomar ejemplo.
