1737 2508
1266 229 1525 307 (Núm. 142.)
685 1017 1160 1136 RELACION
407 1151 1467 1287 DE LA VIDA. PASION Y MUERTE
282 1249 1594 1431 DE CRISTO NUESTRO SEÑOR.
286 1511 744 1571 A la urora bajó el Sol,
963 1492 1553 1554 Llegando los nueve meses,,
240 1554 698 1626 fué disposición divina,
963 1531 1381 1605 de Nazaret se partía
238 1607 821 1669 de que tome carne humana,
963 1584 1580 1663 para Belén: y entre escarchas
967 1628 1502 1699 nació el autor de la vida.
238 1651 775 1724 para que al mundo redima
240 1697 800 1766 con su pasión y su muerte,
969 1684 1530 1749 Los pastores se alegraron,
240 1747 777 1809 do aquella caverna ó cima
969 1732 1456 1795 los cielos se regocijan,
242 1795 779 1858 donde estábamos sugetos
969 1774 1504 1845 los Querubines le cantan,
238 1835 752 1906 con una obligación fija.
974 1824 1406 1897 y los ángeles decían;
248 1891 758 1962 Por este sacro misterio
971 1868 1582 1943 ya es nacido el Rey del cielo,
246 1931 831 2006 nos vemos libres; qué dicha!
971 1912 1584 1991 gloria á Dios se dé cumplida.
244 1979 779 2050 Gabriel trajo ta embajada,
976 1975 1509 2037 En su Circuncisión sacra,
246 2035 735 2102 llegó y dijo: Ave Maria,
974 2021 1586 2087 que fué al cábo de ocho dias,
248 2079 783 2152 llena sois toda de gracia;
980 2064 1659 2133 nos dió á entender en el templo,
250 2133 666 2196 concebiréis este dia
982 2110 1490 2179 á lo que al mundo venía,
250 2179 811 2242 en vuestras puras entrañas
978 2163 1613 2238 que era á derramar su sangre,
255 2221 760 2292 al Niño Dios, Virgen Fia.
982 2204 1521 2284 por restaurar lo que había
257 2278 792 2344 Y dado el consentimiento
984 2259 1448 2338 perdido por el pécado
261 2324 696 2401 quedó preñada María.
988 2303 1569 2388 de Adán: notable desdicha!
