1737 2508
175 206 748 288 y el Señor les dijo entonces:
896 204 1383 288 y el Señor le respondía:
171 269 581 338 ego sum, y se caían
896 261 1573 330 tú lo has dicho, y muyen brave
173 315 702 384 en tierra todos postrados,
896 317 1354 380 entre nubes á la vista
896 365 1473 428 tendréis al Hijo del Hombre.
175 367 654 430 que moverse no podían.
173 415 677 489 Rióles el Señor licencia,
898 411 1377 480 Rlasfemado ha, repetía
896 453 1576 524 Caifás: que esperáis mas prueba?
173 463 624 530 y con la saña maligna,
175 509 606 576 foriosos aprisionaron
900 507 1268 574 Una criada decia:
173 555 629 622 al Redentor de la vida.
898 560 1381 620 venis con el embustero?
173 616 633 670 A palos, á puntillones
896 604 1379 668 á Pedro,y él respondía;
898 652 1452 718 no he conocido tal hombre,
173 649 679 723 y á patadas lo derriban;
173 702 727 769 lo alaron de pies y manos,
896 700 1404 771 y luego el gallo le avisa.
894 752 1477 815 Cayó San Pedro en su yerro,
175 750 606 823 juzgando se les iría,
175 796 704 865 y llevándolo arrastrando,
898 800 1283 865 y llorando se salía
181 844 683 915 háeia la ciudad caminan
900 838 1469 913 hecho sus ojos dos fuentes,
177 892 706 965 con algazara y estruendo,
900 896 1404 961 dos canales susmegillas.
177 946 593 1011 con voces y gritería.
900 946 1377 1007 A Pilato al Señor llevan,
175 994 610 1059 Entran en Jerusalen,
898 984 1408 1059 y este su inocencia vista,
177 1040 708 1111 y por balcones y esquinas,
900 1042 1333 1105 sabiendo ser Galileo,
175 1086 733 1157 por puertas y por ventanas
896 1084 1379 1157 al rey Herodes lo envia;
179 1136 658 1203 unos á otros se decían
898 1128 1488 1208 quiso hiciera algún milagro,
173 1185 731 1249 ya está aquí el fasineroso,
898 1180 1433 1249 mas Cristo no respondía.
177 1233 658 1295 el que se hacia Mesías.
900 1224 1448 1304 Le trató al fin como loco
179 1287 685 1345 Se lo presentan á Anás,
907 1281 1383 1348 con vestidura ridicula,
179 1325 714 1394 y á Cristo, por su doctrina
907 1335 1383 1394 y á Pilato lo devuelve,
179 1377 631 1446 y discípulos pregunta;
900 1375 1479 1446 porque hiciera de él justicia.
179 1423 710 1492 y el Cordero sin mancilla
892 1419 1578 1488 Mas viendo el juez su inocencia,
181 1471 731 1536 dió una sumisa respuesta.
900 1473 1329 1538 libertarle determina,
179 1527 756 1584 Un traidor con mano inicua
898 1517 1356 1590 quiso darle corregido,
179 1565 683 1634 dió á Cristo tal bofetada,
898 1571 1484 1640 y lo entregó á aquella inicua
181 1619 658 1682 que le cruzó la megilla.
902 1615 1381 1686 é inhumana gente suya,
177 1678 758 1732 Se estremecieron los cielos,
900 1665 1431 1734 que su corage desquitan.
905 1722 1360 1778 Con una púrpura vieja
181 1711 660 1782 y el Redentor le decia:
179 1759 708 1832 en que ofendí tu persona,
902 1757 1433 1832 Rey de farsa lo publican,
177 1807 687 1874 que asi maltratas la mia?
900 1809 1433 1878 con una caña en la mano,
165 1853 792 1943 Sufrió allí el Señor mil burlas,
898 1853 1360 1922 y su santa Faz ceñida.
179 1906 660 1975 y Anás luego determina
898 1910 1427 1975 Su sacra barba le mesan,
179 1958 610 2018 se lo lleven á Caifás,
902 1954 1383 2021 de los cabellos le tiran,
177 2004 656 2073 por ver lo que él haría.
902 2002 1433 2069 escupiéndole en el rostro,
177 2056 662 2117 Le recibió muy gustoso
905 2056 1358 2123 y doblando la rodilla;
177 2100 635 2167 pues deseado lo había;
902 2100 1458 2175 como á Rey le saludaban,
177 2144 637 2217 y á Jesús le preguntó,
905 2150 1431 2217 y al darle golpes, decían;
181 2202 637 2263 que siera él el Mesías,
905 2194 1335 2263 adivina quien te dió;
181 2242 683 2349 conjuróle por Dios vivo,
905 2246 1390 2365 si eres Cristo, profetiza
