1737 2508
1507 98 1559 179 7
242 190 788 263 Ya no puedo escribir mas,
242 242 790 323 porque las lelras se borran
238 288 756 384 con el agua de mis ojos,
244 372 723 434 por estar tan pesarosa.
238 422 744 484 Con esto cerró ol papel,
244 478 752 551 y á D. Diego se lo porta,
246 526 710 599 el cual habiendo leido
240 578 825 658 lo que las letras mencionan,
248 662 721 731 dijo con grande dolor:
248 714 825 777 Ya se acabaron mis glorias,
252 760 875 844 ya no he menester mas galas,
252 817 827 900 ya mis riquezas me sobran,
244 877 668 963 no sea yo desde hoy
252 938 708 1019 D. Diego de Peñaloza,
250 1003 796 1072 si como mi amada prenda
252 1065 716 1128 no parezca primorosa,
252 1105 857 1185 cuantos fueron causa de ello
257 1180 811 1247 han de morir en deshonra,
252 1233 762 1312 y D. Martin el primero,
257 1287 842 1362 para que el mundo conozca
257 1345 836 1414 de un fino amante el valor,
261 1408 792 1479 que justa venganza toma.
257 1463 666 1544 Esto dijo valoroso,
267 1529 742 1598 y mudándose de ropa,
269 1575 892 1659 toma un trabuco, y un frasco,
263 1642 808 1711 y tambien cuatro pistolas,
261 1692 804 1772 y con grande sentimiento
259 1747 896 1824 dijo: A Dios, Madre y Señora,
263 1805 905 1891 á Dios hermanos y hermanas,
267 1864 840 1937 á Dios mis doncellas todas,
271 1922 825 1993 á Dios parientes y amigos,
278 1993 762 2050 á Dios Reyna poderosa,
280 2037 765 2108 virgen Santa del Pilar,
275 2100 704 2175 Abogada, protectora
284 2169 775 2230 de todos los pecadores,
282 2215 790 2292 que aflígidos os invocan,
284 2273 800 2355 en vuestro nombre fiado
961 171 1433 238 hoy salgo de Zaragoza,
963 215 1601 313 y he de conseguir mi empresa,
951 282 1446 359 siendo vos mi valedora.
961 344 1565 426 Y entrándose por los montes,
959 403 1492 472 en la espesura se engolfa:
965 468 1475 526 registrando sus malezas,
963 516 1461 591 y á poco trecho se topa
965 574 1550 658 con D. Martin, y al instante
965 647 1425 704 le disparó una pistola
963 695 1500 760 con dos encendidas balas
971 748 1550 821 le entró el tiro por la boca,
965 813 1467 884 y allí se lo dejó muerto
965 869 1553 953 sobre las verdes alfombras,
969 940 1385 1003 sin ser oido ni visto
976 994 1488 1055 de ninguno de su tropa.
980 1047 1396 1118 En esta sazon serian
984 1093 1504 1178 de la larde las seis horas,
974 1162 1423 1228 y el sol iba retirando
971 1224 1521 1297 al Occidente su antorcha,
978 1281 1502 1348 cuando oyó suaves voces
986 1341 1473 1404 tan sentidas y quejosas,
988 1408 1456 1473 tan tristes y delicadas,
988 1456 1586 1531 que el corazón le aprisionan;
986 1515 1496 1586 que decian: Virgen pura
994 1571 1452 1644 del Pilar de Zaragoza,
992 1630 1578 1709 pues sois Madre de afligidos,
992 1694 1477 1766 de tristes consoladora,
994 1747 1509 1822 amparadme, madre nña,
992 1803 1427 1874 en esta última hora,
988 1864 1536 1933 y alcanza de vuestro Hijo
988 1920 1484 1993 para mi alma la gloria.
984 1989 1494 2050 Sobresaltado y confuso,
982 2037 1469 2106 y con prisa muy celosa
994 2108 1534 2169 fué por los ecos llegando
1001 2158 1538 2221 donde estaba esta Señora
999 2211 1538 2296 toda anegada en suspiros,
1001 2267 1440 2357 cuajada toda la ropa
