<?xml version="1.0" encoding="UTF-8"  standalone="yes"?>
<PcGts xmlns="http://schema.primaresearch.org/PAGE/gts/pagecontent/2019-07-15" xmlns:xsi="http://www.w3.org/2001/XMLSchema-instance" xsi:schemaLocation="http://schema.primaresearch.org/PAGE/gts/pagecontent/2019-07-15 http://schema.primaresearch.org/PAGE/gts/pagecontent/2019-07-15/pagecontent.xsd">
  <Metadata>
	<Creator>escriptorium</Creator>
	<Created>2021-12-11T11:57:56.965345+00:00</Created>
        <LastChange>2021-12-11T11:57:56.965390+00:00</LastChange>

  </Metadata>
  <Page imageFilename="Moreno_241_1.jpeg" imageWidth="1621" imageHeight="2303">

    
    <TextRegion id="region_1602858343472_723"  custom="structure {type:CustomZone:impresorNum;}">
      <Coords points="1263,158 1549,166 1541,289 1266,303"/>
      
      
      <TextLine id="line_1635407745761_6" >
        <Coords points="1281,243 1281,176 1526,176 1526,247 1524,255 1279,259"/>
        <Baseline points="1282,245 1527,248"/>
        <TextEquiv>
          <Unicode>Núm. 289.</Unicode>
        </TextEquiv>
      </TextLine>

      
    </TextRegion>
    
    <TextRegion id="eSc_textblock_6a28f52c"  custom="structure {type:GraphicZone:illustration;}">
      <Coords points="624,181 624,1133 1280,1133 1280,178"/>
      
    </TextRegion>
    
    <TextRegion id="eSc_textblock_59f29701"  custom="structure {type:CustomZone:primer_titulo;}">
      <Coords points="284,1117 270,1424 1615,1419 1605,1102"/>
      
    </TextRegion>
    
    <TextRegion id="eSc_textblock_1fe9fcc3"  custom="structure {type:MainZone;}">
      <Coords points="968,2275 968,1396 219,1398 219,2275"/>
      
    </TextRegion>
    
    <TextRegion id="eSc_textblock_549944c1"  custom="structure {type:MainZone;}">
      <Coords points="1613,2294 1613,1393 944,1393 944,2294"/>
      
    </TextRegion>
    

    
    <TextRegion id="eSc_dummyblock_">
    
    
      <TextLine id="tl_1" >
        <Coords points="593,1201 591,1139 1300,1139 1304,1197 1300,1212 695,1212 593,1222"/>
        <Baseline points="595,1203 824,1202 1021,1202 1305,1199"/>
        <TextEquiv>
          <Unicode>COPLAS PARA GASTAR</Unicode>
        </TextEquiv>
      </TextLine>

    
    
      <TextLine id="tl_2" >
        <Coords points="299,1297 295,1241 353,1226 355,1226 355,1226 357,1226 597,1226 597,1226 597,1226 599,1226 647,1239 710,1226 710,1226 710,1226 712,1226 712,1226 712,1226 714,1226 745,1235 775,1226 777,1226 777,1226 777,1226 779,1226 779,1226 779,1226 781,1226 781,1226 812,1239 877,1226 877,1226 877,1226 879,1226 1033,1241 1102,1241 1140,1226 1140,1226 1142,1226 1142,1226 1144,1226 1144,1226 1144,1226 1146,1226 1198,1241 1538,1241 1571,1226 1571,1226 1572,1226 1572,1226 1572,1226 1574,1226 1574,1226 1576,1226 1576,1226 1576,1226 1578,1226 1603,1241 1601,1295 1603,1314 1549,1329 1548,1329 1548,1329 1548,1331 1206,1331 1204,1329 1204,1329 1202,1329 1169,1320 1017,1328 1016,1328 1016,1328 1016,1328 1014,1328 1014,1328 977,1312 973,1312 960,1312 870,1324 870,1324 868,1324 868,1324 791,1312 783,1312 781,1312 756,1322 756,1322 754,1322 754,1322 754,1322 752,1322 580,1312 568,1312 568,1312 547,1322 547,1322 547,1322 545,1322 545,1322 543,1322 543,1322 543,1322 541,1322 541,1322 539,1322 539,1322 528,1312 526,1312 299,1312"/>
        <Baseline points="300,1299 388,1300 815,1297 905,1298 1024,1296 1279,1296 1307,1293 1602,1296"/>
        <TextEquiv>
          <Unicode>LOS DESPERTADORES DE LAS MAÑANAS , LLAMANDO</Unicode>
        </TextEquiv>
      </TextLine>

    
    
      <TextLine id="tl_3" >
        <Coords points="587,1379 585,1339 1311,1337 1317,1377 1315,1408 1233,1399 1223,1406 1223,1408 1223,1408 1223,1408 1221,1408 1221,1408 1221,1408 1219,1408 1219,1408 1219,1408 1115,1410 1113,1410 1113,1410 1112,1410 1112,1410 1112,1410 1110,1410 1106,1406 1088,1397 908,1397 893,1404 881,1410 881,1410 881,1410 879,1410 879,1410 879,1410 877,1410 877,1410 875,1410 852,1402 837,1399 822,1402 797,1410 795,1410 795,1410 793,1410 793,1410 793,1410 749,1402 729,1399 706,1400 647,1408 647,1408 645,1408 645,1408 643,1408 643,1408 643,1408 641,1408 641,1408 631,1400 626,1397 587,1399"/>
        <Baseline points="588,1381 612,1381 751,1381 819,1381 1005,1381 1076,1380 1142,1380 1318,1379"/>
        <TextEquiv>
          <Unicode>A REZAR EL ROSARIO DE LA AURORA.</Unicode>
        </TextEquiv>
      </TextLine>

    
    
      <TextLine id="tl_4" >
        <Coords points="341,1462 341,1427 885,1429 887,1462 883,1475 338,1470"/>
        <Baseline points="343,1463 384,1463 539,1468 718,1469 769,1463 888,1463"/>
        <TextEquiv>
          <Unicode>La Pastora, mortales, os busca</Unicode>
        </TextEquiv>
      </TextLine>

    
    
      <TextLine id="tl_24" >
        <Coords points="973,1460 969,1399 1087,1397 1088,1397 1088,1397 1090,1397 1090,1397 1090,1397 1092,1397 1096,1400 1108,1408 1125,1400 1135,1397 1135,1397 1137,1397 1137,1397 1137,1397 1138,1397 1138,1397 1140,1397 1140,1397 1152,1400 1179,1414 1261,1414 1282,1402 1290,1400 1290,1400 1292,1400 1292,1400 1292,1400 1294,1400 1599,1410 1603,1458 1601,1473 971,1470"/>
        <Baseline points="974,1461 1102,1454 1197,1458 1246,1462 1350,1462 1397,1461 1458,1462 1605,1460"/>
        <TextEquiv>
          <Unicode>Acudid, que su amor es de madre,</Unicode>
        </TextEquiv>
      </TextLine>

    
    
      <TextLine id="tl_5" >
        <Coords points="303,1502 303,1454 925,1462 927,1508 923,1521 299,1512"/>
        <Baseline points="305,1503 472,1504 529,1503 632,1503 703,1504 801,1504 929,1509"/>
        <TextEquiv>
          <Unicode>Corriendo las calles con suma piedad;</Unicode>
        </TextEquiv>
      </TextLine>

    
    
      <TextLine id="tl_25" >
        <Coords points="973,1500 973,1458 1594,1466 1599,1500 1596,1519 1246,1512 1227,1521 1225,1521 1223,1521 1221,1521 1219,1521 1219,1519 1209,1512 1140,1512 971,1521"/>
        <Baseline points="974,1501 1017,1502 1104,1502 1168,1502 1333,1506 1404,1502 1489,1502 1621,1502"/>
        <TextEquiv>
          <Unicode>De miel sus palabras, sus ecos imán.</Unicode>
        </TextEquiv>
      </TextLine>

    
    
      <TextLine id="tl_6" >
        <Coords points="305,1550 303,1502 825,1504 827,1543 825,1548 305,1554"/>
        <Baseline points="306,1551 370,1545 515,1544 543,1544 642,1544 690,1544 829,1544"/>
        <TextEquiv>
          <Unicode>Que Tengáis á rezar el Rosario</Unicode>
        </TextEquiv>
      </TextLine>

    
    
      <TextLine id="tl_26" >
        <Coords points="1137,1541 1137,1529 1415,1529 1415,1541 1415,1550 1137,1554"/>
        <Baseline points="1138,1543 1221,1543 1286,1543 1416,1542"/>
        <TextEquiv>
          <Unicode>Salid sin tardar:</Unicode>
        </TextEquiv>
      </TextLine>

    
    
      <TextLine id="tl_7" >
        <Coords points="303,1583 303,1539 929,1541 929,1583 927,1602 301,1594"/>
        <Baseline points="305,1585 364,1585 434,1585 515,1585 638,1585 779,1585 930,1584"/>
        <TextEquiv>
          <Unicode>Por que será mucha vuestra utilidad.</Unicode>
        </TextEquiv>
      </TextLine>

    
    
      <TextLine id="tl_27" >
        <Coords points="975,1581 975,1533 1090,1544 1530,1541 1534,1581 1532,1589 973,1592"/>
        <Baseline points="976,1583 1000,1583 1098,1583 1203,1584 1348,1584 1396,1583 1535,1582"/>
        <TextEquiv>
          <Unicode>Y pues pasto sabroso os ofrece,</Unicode>
        </TextEquiv>
      </TextLine>

    
    
      <TextLine id="tl_8" >
        <Coords points="468,1625 466,1585 747,1585 749,1623 745,1637 466,1635"/>
        <Baseline points="470,1626 552,1626 618,1625 750,1625"/>
        <TextEquiv>
          <Unicode>Salid sin tardar;</Unicode>
        </TextEquiv>
      </TextLine>

    
    
      <TextLine id="tl_28" >
        <Coords points="973,1623 971,1583 1523,1583 1526,1621 1524,1638 973,1638"/>
        <Baseline points="975,1624 1020,1624 1105,1624 1233,1624 1392,1624 1527,1623"/>
        <TextEquiv>
          <Unicode>En este rebaño gustosos entrad.</Unicode>
        </TextEquiv>
      </TextLine>

    
    
      <TextLine id="tl_9" >
        <Coords points="305,1663 305,1629 833,1635 835,1669 831,1679 301,1675"/>
        <Baseline points="306,1665 387,1666 435,1666 540,1666 582,1667 713,1666 836,1671"/>
        <TextEquiv>
          <Unicode>Pues os llama la Virgen María,</Unicode>
        </TextEquiv>
      </TextLine>

    
    
      <TextLine id="tl_29" >
        <Coords points="1144,1661 1142,1621 1488,1625 1490,1661 1488,1669 1144,1673"/>
        <Baseline points="1146,1663 1244,1664 1277,1664 1398,1663 1492,1663"/>
        <TextEquiv>
          <Unicode>Venid a rezar, etc.</Unicode>
        </TextEquiv>
      </TextLine>

    
    
      <TextLine id="tl_10" >
        <Coords points="307,1704 305,1661 846,1661 848,1704 846,1723 305,1719"/>
        <Baseline points="308,1706 417,1707 550,1706 596,1707 679,1706 850,1705"/>
        <TextEquiv>
          <Unicode>Zagala divina, la mas singular.</Unicode>
        </TextEquiv>
      </TextLine>

    
    
      <TextLine id="tl_30" >
        <Coords points="1019,1704 1017,1671 1599,1667 1603,1704 1601,1719 1017,1719"/>
        <Baseline points="1020,1705 1098,1705 1168,1704 1246,1705 1291,1704 1439,1705 1604,1706"/>
        <TextEquiv>
          <Unicode>Cada vez que el infierno apercibe</Unicode>
        </TextEquiv>
      </TextLine>

    
    
      <TextLine id="tl_11" >
        <Coords points="476,1740 474,1702 725,1708 729,1740 727,1759 476,1761"/>
        <Baseline points="478,1742 571,1742 611,1744 730,1742"/>
        <TextEquiv>
          <Unicode>Venid á rezar:</Unicode>
        </TextEquiv>
      </TextLine>

    
    
      <TextLine id="tl_31" >
        <Coords points="979,1750 977,1692 1075,1708 1106,1696 1110,1694 1110,1694 1112,1694 1112,1694 1112,1694 1113,1694 1113,1694 1115,1694 1115,1694 1115,1694 1117,1694 1119,1696 1138,1708 1181,1698 1183,1698 1183,1698 1183,1698 1185,1698 1185,1698 1186,1698 1186,1698 1186,1698 1186,1698 1188,1698 1188,1698 1188,1700 1190,1700 1198,1709 1234,1700 1242,1698 1244,1698 1244,1698 1246,1698 1246,1698 1246,1698 1248,1698 1248,1698 1254,1700 1271,1709 1417,1709 1425,1706 1451,1696 1451,1696 1453,1696 1453,1696 1455,1696 1455,1696 1455,1696 1457,1696 1457,1696 1457,1696 1459,1696 1473,1708 1475,1708 1480,1708 1524,1698 1524,1698 1524,1698 1526,1698 1526,1698 1597,1711 1603,1750 1599,1757 975,1756"/>
        <Baseline points="980,1752 1044,1745 1069,1745 1206,1746 1342,1745 1479,1745 1604,1751"/>
        <TextEquiv>
          <Unicode>Que á vuestra Pastora qnereis alabar,</Unicode>
        </TextEquiv>
      </TextLine>

    
    
      <TextLine id="tl_12" >
        <Coords points="307,1779 303,1742 338,1733 339,1733 339,1733 341,1733 341,1733 341,1733 389,1742 434,1750 524,1742 555,1740 556,1740 556,1740 578,1742 647,1752 712,1742 760,1736 760,1736 762,1736 860,1744 860,1786 858,1796 305,1800"/>
        <Baseline points="308,1780 374,1788 422,1787 489,1787 644,1783 862,1787"/>
        <TextEquiv>
          <Unicode>Que al oir vuestras Ave-Marias</Unicode>
        </TextEquiv>
      </TextLine>

    
    
      <TextLine id="tl_32" >
        <Coords points="979,1784 977,1750 1100,1738 1100,1738 1102,1738 1102,1738 1183,1750 1185,1750 1185,1750 1325,1740 1327,1740 1327,1740 1327,1740 1329,1740 1361,1752 1363,1752 1371,1752 1580,1742 1582,1742 1582,1742 1582,1742 1584,1742 1584,1742 1586,1742 1586,1742 1601,1754 1603,1784 1599,1802 975,1794"/>
        <Baseline points="981,1786 1018,1786 1200,1791 1250,1786 1366,1786 1396,1794 1440,1786 1605,1786"/>
        <TextEquiv>
          <Unicode>Se confunde, se pasma y se aturde...</Unicode>
        </TextEquiv>
      </TextLine>

    
    
      <TextLine id="tl_13" >
        <Coords points="309,1827 307,1790 864,1790 929,1779 935,1825 933,1840 309,1848"/>
        <Baseline points="311,1828 351,1829 457,1828 517,1828 650,1829 692,1828 769,1829 936,1827"/>
        <TextEquiv>
          <Unicode>Se queda sin fuerzas el lobo infernal.</Unicode>
        </TextEquiv>
      </TextLine>

    
    
      <TextLine id="tl_33" >
        <Coords points="979,1827 977,1782 1561,1786 1563,1825 1559,1834 1025,1832 979,1842"/>
        <Baseline points="981,1828 1018,1826 1183,1826 1281,1827 1328,1826 1428,1827 1565,1826"/>
        <TextEquiv>
          <Unicode>Se revuelve lodo al oiros cantar.</Unicode>
        </TextEquiv>
      </TextLine>

    
    
      <TextLine id="tl_14" >
        <Coords points="351,1867 351,1830 939,1830 939,1869 935,1884 347,1878"/>
        <Baseline points="353,1869 414,1869 549,1874 619,1869 686,1870 799,1870 941,1870"/>
        <TextEquiv>
          <Unicode>San Miguel, con sus armas convida</Unicode>
        </TextEquiv>
      </TextLine>

    
    
      <TextLine id="tl_34" >
        <Coords points="1148,1861 1146,1823 1419,1827 1421,1861 1419,1875 1146,1876"/>
        <Baseline points="1149,1862 1231,1857 1296,1857 1423,1862"/>
        <TextEquiv>
          <Unicode>Salid sin tardar:</Unicode>
        </TextEquiv>
      </TextLine>

    
    
      <TextLine id="tl_15" >
        <Coords points="311,1909 311,1871 875,1873 877,1909 875,1919 309,1921"/>
        <Baseline points="312,1911 336,1911 439,1910 514,1911 668,1914 757,1911 879,1910"/>
        <TextEquiv>
          <Unicode>A todos que acudan, para pelear</Unicode>
        </TextEquiv>
      </TextLine>

    
    
      <TextLine id="tl_35" >
        <Coords points="985,1913 983,1867 1601,1869 1603,1907 1601,1917 985,1921"/>
        <Baseline points="986,1915 1050,1908 1096,1908 1269,1908 1314,1908 1422,1908 1507,1907 1604,1908"/>
        <TextEquiv>
          <Unicode>Que al demonio le causa mas pena</Unicode>
        </TextEquiv>
      </TextLine>

    
    
      <TextLine id="tl_16" >
        <Coords points="314,1949 314,1909 895,1917 896,1955 893,1961 311,1957"/>
        <Baseline points="315,1951 378,1951 489,1955 615,1951 702,1951 747,1951 897,1957"/>
        <TextEquiv>
          <Unicode>Con valor, contra todo el abismo,</Unicode>
        </TextEquiv>
      </TextLine>

    
    
      <TextLine id="tl_36" >
        <Coords points="985,1947 983,1913 1592,1905 1594,1947 1592,1970 1427,1957 1409,1969 1407,1969 1407,1969 1407,1969 1405,1969 1405,1969 1405,1969 1403,1969 1403,1969 1402,1969 1365,1959 1321,1969 1321,1969 1321,1969 1319,1969 1319,1969 1319,1969 1317,1969 1284,1959 1142,1967 1140,1967 1140,1967 1073,1957 985,1970"/>
        <Baseline points="986,1949 1063,1949 1202,1948 1305,1948 1374,1948 1420,1949 1522,1949 1596,1949"/>
        <TextEquiv>
          <Unicode>Aquí vuestro canto que su fuego allá</Unicode>
        </TextEquiv>
      </TextLine>

    
    
      <TextLine id="tl_17" >
        <Coords points="311,1990 309,1953 931,1947 935,1990 931,2007 307,2005"/>
        <Baseline points="312,1992 368,1992 496,1996 670,1998 723,1992 818,1992 937,1991"/>
        <TextEquiv>
          <Unicode>Sin temer, cobardes, su furia jamás!</Unicode>
        </TextEquiv>
      </TextLine>

    
    
      <TextLine id="tl_37" >
        <Coords points="1150,1986 1150,1942 1482,1951 1486,1986 1482,1999 1146,1994"/>
        <Baseline points="1152,1988 1177,1988 1287,1989 1405,1994 1487,1988"/>
        <TextEquiv>
          <Unicode>Venid á rezar, etc.</Unicode>
        </TextEquiv>
      </TextLine>

    
    
      <TextLine id="tl_18" >
        <Coords points="474,2032 474,1990 760,1990 760,2032 760,2047 474,2047"/>
        <Baseline points="476,2034 558,2034 625,2033 762,2033"/>
        <TextEquiv>
          <Unicode>Salid sin tardar:</Unicode>
        </TextEquiv>
      </TextLine>

    
    
      <TextLine id="tl_38" >
        <Coords points="1021,2028 1021,1990 1584,1995 1586,2032 1582,2043 1017,2041"/>
        <Baseline points="1023,2030 1079,2030 1158,2030 1275,2029 1330,2029 1441,2029 1588,2034"/>
        <TextEquiv>
          <Unicode>Los que rezan el Santo Rosario,</Unicode>
        </TextEquiv>
      </TextLine>

    
    
      <TextLine id="tl_19" >
        <Coords points="313,2068 309,2030 833,2024 839,2068 837,2084 313,2084"/>
        <Baseline points="314,2070 380,2074 524,2074 638,2073 686,2074 840,2070"/>
        <TextEquiv>
          <Unicode>Que seguros teneis la victoria</Unicode>
        </TextEquiv>
      </TextLine>

    
    
      <TextLine id="tl_39" >
        <Coords points="983,2061 983,2022 1594,2026 1596,2066 1594,2082 981,2082"/>
        <Baseline points="985,2063 1116,2062 1343,2069 1448,2069 1597,2068"/>
        <TextEquiv>
          <Unicode>Muchas&#39; indulgencias todos ganarán</Unicode>
        </TextEquiv>
      </TextLine>

    
    
      <TextLine id="tl_20" >
        <Coords points="314,2114 314,2066 616,2076 935,2068 939,2120 935,2134 311,2124"/>
        <Baseline points="315,2115 480,2115 543,2114 645,2114 704,2115 863,2115 941,2121"/>
        <TextEquiv>
          <Unicode>Siguiendo los pasos de caudillo tal,</Unicode>
        </TextEquiv>
      </TextLine>

    
    
      <TextLine id="tl_40" >
        <Coords points="985,2111 983,2066 1461,2066 1465,2105 1463,2124 985,2124"/>
        <Baseline points="986,2112 1009,2112 1043,2112 1153,2111 1191,2110 1281,2109 1316,2118 1351,2110 1467,2107"/>
        <TextEquiv>
          <Unicode>Y á Jesús, á José y á Maria,</Unicode>
        </TextEquiv>
      </TextLine>

    
    
      <TextLine id="tl_21" >
        <Coords points="485,2155 483,2111 816,2116 818,2153 816,2164 485,2168"/>
        <Baseline points="487,2156 584,2155 622,2155 740,2155 819,2155"/>
        <TextEquiv>
          <Unicode>Venid á rezar, etc.</Unicode>
        </TextEquiv>
      </TextLine>

    
    
      <TextLine id="tl_41" >
        <Coords points="985,2151 981,2109 1592,2107 1596,2147 1596,2159 985,2164"/>
        <Baseline points="987,2153 1045,2153 1113,2152 1303,2150 1449,2149 1597,2149"/>
        <TextEquiv>
          <Unicode>Por sus defensores seguros tendrán</Unicode>
        </TextEquiv>
      </TextLine>

    
    
      <TextLine id="tl_22" >
        <Coords points="343,2195 343,2151 800,2155 862,2143 864,2195 862,2210 341,2205"/>
        <Baseline points="344,2197 487,2196 689,2197 865,2197"/>
        <TextEquiv>
          <Unicode>Acudid, corderinos humildes,</Unicode>
        </TextEquiv>
      </TextLine>

    
    
      <TextLine id="tl_42" >
        <Coords points="1152,2191 1150,2143 1423,2149 1427,2187 1425,2201 1152,2203"/>
        <Baseline points="1153,2192 1234,2192 1299,2190 1428,2189"/>
        <TextEquiv>
          <Unicode>Salid sin tardar:</Unicode>
        </TextEquiv>
      </TextLine>

    
    
      <TextLine id="tl_23" >
        <Coords points="316,2235 316,2195 937,2201 941,2237 937,2258 313,2256"/>
        <Baseline points="317,2237 343,2237 403,2241 513,2241 635,2239 711,2240 820,2240 876,2240 942,2238"/>
        <TextEquiv>
          <Unicode>A los silvos dulces que María os dá:</Unicode>
        </TextEquiv>
      </TextLine>

    
    
      <TextLine id="tl_43" >
        <Coords points="987,2241 983,2191 1571,2189 1574,2228 1572,2241 1258,2241 1208,2249 1186,2253 1186,2253 1185,2253 1185,2253 1185,2253 1171,2251 1131,2243 1067,2253 1065,2253 1065,2253 1064,2253 1064,2253 1064,2253 1064,2253 1062,2253 1062,2253 1062,2253 1060,2253 1060,2253 1048,2243 987,2255"/>
        <Baseline points="989,2243 1053,2236 1123,2234 1205,2234 1275,2232 1398,2237 1444,2230 1575,2230"/>
        <TextEquiv>
          <Unicode>Que por rato tan breve, la Virgen</Unicode>
        </TextEquiv>
      </TextLine>

    
    </TextRegion>
    
  </Page>
</PcGts>
