1737 2508
265 152 884 242 un Lobo, un León, un Tigre,
1005 148 1513 236 retorciendo y paleando,
265 215 848 294 mejor dijera, fue un diablo:
1001 225 1494 298 tomé la luz muy ligero,
271 280 691 353 era tal el rabiadero,
1001 280 1481 351 las sabanas he mirado,
269 340 756 422 las coces, los arañazos,
999 336 1523 415 el colchón, toda la cama,
271 395 744 484 aquello de desollarme,
997 395 1550 472 luego miré todo el .cuarto,
997 453 1438 530 por aquí, por acullá,
273 457 825 539 y arrancarme los pedazos:
271 526 781 587 eche la mano al instante
997 514 1534 595 y tal pulga no he hallado;
267 570 865 658 con grande tiento y cuidado:
997 570 1523 662 aquí de los reconcomios,
269 633 852 706 amigos, rae hallé una pulga
997 635 1502 708 lagrimones y mocarros,
267 693 852 771 como un valiente garbanzo:
999 693 1481 762 lo restante de la noche
271 752 831 833 la pillé en fin ¡qué alegría!,
994 752 1538 821 me la lleve contemplando
269 813 790 892 la estrujé con resbalazo,
990 810 1504 890 donde se iría esta pulga:
269 875 800 948 ¡qué restregones le daba!
994 871 1548 946 cuidado que tiene el caso,
257 934 825 1011 luego arrastrando la mano
994 932 1500 1013 que rumear un poquito,
261 986 854 1063 la tomó con los tres dedos, •
990 984 1538 1074 al mejor le doy el chasco,
263 1049 859 1128 los mas fuertes y esforsados
990 1047 1580 1130 á cualquiera que le hubiera
263 1103 729 1191 el índice, y el pulgar,
992 1109 1413 1191 esta pasada pasado,
992 1166 1473 1254 lo dejará asi;, perplejo,
263 1168 802 1243 y el del corazón llamado:
261 1237 729 1302 con el gozo que tenía,
992 1224 1607 1304 lo mismo que yo he quedado:
265 1287 773 1364 de habérmela ya pillado,
994 1295 1550 1362 y así á todos los presentes
259 1348 821 1425 iba abriendo poco á poco,
990 1345 1548 1425 les suplico, y les encargo,
259 1408 733 1485 para apurar este caso,
988 1400 1471 1479 si acaso le pica alguna,
263 1465 698 1538 á ver si la maldecida
990 1463 1517 1540 y la agarrán, de contado
261 1523 815 1609 era hembra, ó era macho:
988 1529 1525 1611 á malaria luego jal punto,
261 1580 739 1663 (la curiosidad es mala)
990 1586 1534 1655 y no andar escudriñando:
261 1640 817 1717 poco & poco iba aflojando,
988 1640 1511 1724 miren por ser yó curioso
988 1705 1561 1780 el lance que me ha pasado:
265 1701 752 1784 y pegándome dos coces
261 1755 859 1843 se escapó, y quedé burlado,
990 1763 1446 1832 á las señoras mugeres
263 1818 744 1903 me quedé peripatético,
986 1816 1492 1908 no digo nada en el caso,
252 1881 754 1958 con los ojos eclipsados,
986 1876 1502 1958 porque saben todas ellas
252 1937 819 2018 con las manos asi abiertas,
986 1939 1521 2027 mil modos de practicarlo,
257 2006 808 2083 y el pescuezo asi estirado,
982 2010 1527 2087 pues mojándose los dedos
261 2075 811 2158 con tal rabia y tal corage,
984 2073 1573 2161 las pillan con mucho garbo;
257 2135 756 2219 de admiración rodeado,
982 2150 1473 2223 y asi con gran disimulo
255 2198 754 2315 renegando de tal pulga,
986 2211 1527 2319 las rebienlan los costados:
