<?xml version="1.0" encoding="UTF-8"  standalone="yes"?>
<PcGts xmlns="http://schema.primaresearch.org/PAGE/gts/pagecontent/2019-07-15" xmlns:xsi="http://www.w3.org/2001/XMLSchema-instance" xsi:schemaLocation="http://schema.primaresearch.org/PAGE/gts/pagecontent/2019-07-15 http://schema.primaresearch.org/PAGE/gts/pagecontent/2019-07-15/pagecontent.xsd">
  <Metadata>
	<Creator>escriptorium</Creator>
	<Created>2021-12-11T11:58:00.676268+00:00</Created>
        <LastChange>2021-12-11T11:58:00.676303+00:00</LastChange>

  </Metadata>
  <Page imageFilename="Moreno_026_6.jpg" imageWidth="1765" imageHeight="2512">

    
    <TextRegion id="region_1601885574147_181"  custom="structure {type:NumberingZone:page;}">
      <Coords points="238,205 380,214 380,305 247,327"/>
      
      
      <TextLine id="line_1601885671654_213" >
        <Coords points="286,284 288,228 322,230 320,286 318,299 284,303"/>
        <Baseline points="287,285 322,287"/>
        <TextEquiv>
          <Unicode>6</Unicode>
        </TextEquiv>
      </TextLine>

      
    </TextRegion>
    
    <TextRegion id="region_1601885589785_191"  custom="structure {type:MainZone;}">
      <Coords points="131,274 858,218 901,883 139,900"/>
      
      
      <TextLine id="line_1601885676075_220" >
        <Coords points="205,347 200,284 305,293 347,280 364,276 366,276 366,276 366,276 368,276 368,276 370,276 370,276 383,280 408,288 460,278 500,272 500,272 500,272 502,272 502,272 504,272 527,278 548,282 695,276 701,328 699,341 370,343 205,362"/>
        <Baseline points="206,348 702,330"/>
        <TextEquiv>
          <Unicode>presentólos á don Juan,</Unicode>
        </TextEquiv>
      </TextLine>

      
      
      <TextLine id="line_1601885680762_227" >
        <Coords points="205,389 203,347 293,347 297,345 316,332 318,332 318,332 320,332 320,332 320,332 322,332 322,332 383,343 387,343 387,343 404,330 406,330 406,330 406,330 408,330 408,330 408,330 410,330 410,330 481,341 485,341 487,341 588,326 588,326 590,326 590,326 684,339 688,378 688,389 205,393"/>
        <Baseline points="206,391 690,379"/>
        <TextEquiv>
          <Unicode>y este se lo agradecia.</Unicode>
        </TextEquiv>
      </TextLine>

      
      
      <TextLine id="line_1601885684530_234" >
        <Coords points="203,443 198,383 259,391 556,374 563,433 563,443 203,447"/>
        <Baseline points="204,444 565,434"/>
        <TextEquiv>
          <Unicode>En la galera real</Unicode>
        </TextEquiv>
      </TextLine>

      
      
      <TextLine id="line_1601885689455_241" >
        <Coords points="205,489 200,445 272,431 272,431 274,431 686,431 690,475 690,485 205,496"/>
        <Baseline points="206,491 692,477"/>
        <TextEquiv>
          <Unicode>del turco se descubrian,</Unicode>
        </TextEquiv>
      </TextLine>

      
      
      <TextLine id="line_1601885693882_248" >
        <Coords points="207,540 203,494 734,468 741,521 741,527 207,546"/>
        <Baseline points="208,542 743,522"/>
        <TextEquiv>
          <Unicode>mas de ciento ochenta mil</Unicode>
        </TextEquiv>
      </TextLine>

      
      
      <TextLine id="line_1601885697661_255" >
        <Coords points="205,584 198,540 448,523 450,523 450,523 508,531 510,531 510,531 525,521 527,521 527,521 527,521 529,521 529,521 529,521 531,521 531,521 588,529 602,519 605,519 605,519 605,519 607,519 607,519 607,519 609,519 609,519 669,529 674,571 674,577 205,594"/>
        <Baseline points="206,585 675,573"/>
        <TextEquiv>
          <Unicode>zequies de oro de valia</Unicode>
        </TextEquiv>
      </TextLine>

      
      
      <TextLine id="line_1601885705775_262" >
        <Coords points="209,638 205,588 783,561 785,561 785,561 837,571 841,617 839,634 544,634 406,648 397,648 397,648 395,648 395,648 393,648 343,640 330,651 330,651 328,651 328,651 328,651 328,651 326,651 326,651 324,651 324,651 324,651 324,651 274,642 209,655"/>
        <Baseline points="210,640 843,618"/>
        <TextEquiv>
          <Unicode>moneda que es mas de escudo,</Unicode>
        </TextEquiv>
      </TextLine>

      
      
      <TextLine id="line_1601885709737_269" >
        <Coords points="217,686 213,638 762,623 768,667 768,680 217,697"/>
        <Baseline points="218,687 769,669"/>
        <TextEquiv>
          <Unicode>y adornos de gran cuantia;</Unicode>
        </TextEquiv>
      </TextLine>

      
      
      <TextLine id="line_1601885714118_276" >
        <Coords points="211,732 205,688 743,669 749,715 747,728 211,743"/>
        <Baseline points="212,734 751,718"/>
        <TextEquiv>
          <Unicode>muchos brocados y sedas,</Unicode>
        </TextEquiv>
      </TextLine>

      
      
      <TextLine id="line_1601885717866_283" >
        <Coords points="215,780 211,736 318,722 318,722 320,722 579,728 584,772 584,780 215,785"/>
        <Baseline points="216,781 586,773"/>
        <TextEquiv>
          <Unicode>aljófar y perlería.</Unicode>
        </TextEquiv>
      </TextLine>

      
      
      <TextLine id="line_1601885721598_290" >
        <Coords points="215,831 213,776 577,776 579,774 602,764 602,764 605,764 605,764 605,764 607,764 607,764 607,764 653,774 657,818 657,826 460,828 456,831 437,841 437,841 437,841 435,841 435,841 435,841 433,841 433,841 376,833 374,833 374,833 368,841 366,841 366,843 366,843 364,843 364,843 364,843 362,843 362,843 362,843 360,843 213,835"/>
        <Baseline points="216,832 659,820"/>
        <TextEquiv>
          <Unicode>La del bajá Zaracosa</Unicode>
        </TextEquiv>
      </TextLine>

      
    </TextRegion>
    
    <TextRegion id="region_1601885594871_195"  custom="structure {type:MainZone;}">
      <Coords points="850,218 1517,210 1591,872 855,911"/>
      
      
      <TextLine id="line_1601885726251_297" >
        <Coords points="923,316 917,265 1063,249 1063,249 1065,249 1065,249 1067,249 1101,259 1101,259 1103,259 1134,247 1134,247 1136,247 1136,247 1138,247 1427,251 1432,301 1432,307 923,326"/>
        <Baseline points="925,318 1433,303"/>
        <TextEquiv>
          <Unicode>mil zequies de oro tenia:</Unicode>
        </TextEquiv>
      </TextLine>

      
      
      <TextLine id="line_1601885729580_304" >
        <Coords points="921,366 917,316 1136,316 1197,303 1216,301 1216,301 1218,301 1218,301 1218,301 1229,303 1262,309 1285,301 1289,299 1289,299 1291,299 1291,299 1291,299 1293,299 1293,299 1304,299 1367,307 1444,295 1450,351 1448,364 921,380"/>
        <Baseline points="923,367 1453,352"/>
        <TextEquiv>
          <Unicode>la presa se dió á la tropa;</Unicode>
        </TextEquiv>
      </TextLine>

      
      
      <TextLine id="line_1601885733211_311" >
        <Coords points="925,416 921,368 1339,355 1346,399 1344,408 925,429"/>
        <Baseline points="927,418 1347,401"/>
        <TextEquiv>
          <Unicode>su alteza la repartia</Unicode>
        </TextEquiv>
      </TextLine>

      
      
      <TextLine id="line_1601885736792_318" >
        <Coords points="929,462 925,416 1193,401 1195,401 1195,401 1197,401 1197,401 1218,410 1220,410 1220,410 1235,399 1237,399 1237,399 1237,399 1239,399 1239,399 1239,399 1241,399 1363,408 1367,447 1367,462 929,468"/>
        <Baseline points="931,463 1368,450"/>
        <TextEquiv>
          <Unicode>como liberal y franco,</Unicode>
        </TextEquiv>
      </TextLine>

      
      
      <TextLine id="line_1601885741438_325" >
        <Coords points="935,517 931,466 986,466 988,464 994,456 996,456 996,454 996,454 998,454 998,454 998,454 1000,454 1000,454 1002,454 1002,454 1071,462 1084,462 1086,460 1097,452 1097,450 1097,450 1099,450 1099,450 1099,450 1101,450 1101,450 1103,450 1356,452 1365,452 1367,452 1432,437 1432,437 1432,437 1434,437 1434,437 1434,437 1484,450 1488,496 1486,510 935,523"/>
        <Baseline points="937,518 1490,497"/>
        <TextEquiv>
          <Unicode>á quien Dios en la otra vida</Unicode>
        </TextEquiv>
      </TextLine>

      
      
      <TextLine id="line_1601885744925_332" >
        <Coords points="933,558 929,506 992,514 998,506 1000,506 1000,504 1000,504 1002,504 1002,504 1002,504 1002,504 1004,504 1004,504 1007,504 1007,504 1011,504 1082,512 1467,496 1473,544 1473,558 933,567"/>
        <Baseline points="935,559 1474,546"/>
        <TextEquiv>
          <Unicode>le dé su gloria y descanso,</Unicode>
        </TextEquiv>
      </TextLine>

      
      
      <TextLine id="line_1601885748841_339" >
        <Coords points="942,615 935,563 1308,550 1314,598 1314,611 942,628"/>
        <Baseline points="943,616 1315,600"/>
        <TextEquiv>
          <Unicode>y á toda la herejía</Unicode>
        </TextEquiv>
      </TextLine>

      
      
      <TextLine id="line_1601885752867_346" >
        <Coords points="940,657 933,615 1442,598 1448,640 1446,657 940,669"/>
        <Baseline points="941,659 1449,642"/>
        <TextEquiv>
          <Unicode>de los turcos la consuma</Unicode>
        </TextEquiv>
      </TextLine>

      
      
      <TextLine id="line_1601885756858_353" >
        <Coords points="944,711 942,655 969,665 996,655 1000,653 1000,653 1002,653 1002,653 1002,653 1004,653 1004,653 1015,653 1057,661 1088,653 1105,648 1107,648 1107,648 1109,648 1109,648 1109,648 1111,648 1111,648 1122,653 1141,659 1159,653 1176,646 1178,646 1178,646 1178,646 1180,646 1254,651 1287,653 1291,651 1304,640 1304,640 1306,640 1306,640 1306,640 1308,640 1308,640 1310,640 1310,640 1310,640 1358,651 1363,694 1363,707 944,720"/>
        <Baseline points="945,712 1364,695"/>
        <TextEquiv>
          <Unicode>segun España confia,</Unicode>
        </TextEquiv>
      </TextLine>

      
      
      <TextLine id="line_1601885760163_360" >
        <Coords points="946,759 942,707 1473,684 1480,741 1478,753 946,772"/>
        <Baseline points="947,761 1482,742"/>
        <TextEquiv>
          <Unicode>y á nuestro buen Soberano</Unicode>
        </TextEquiv>
      </TextLine>

      
      
      <TextLine id="line_1601885764279_367" >
        <Coords points="946,805 942,764 1381,736 1383,736 1383,736 1444,747 1448,789 1448,808 946,824"/>
        <Baseline points="947,808 1449,791"/>
        <TextEquiv>
          <Unicode>guarde y alargue la vida,</Unicode>
        </TextEquiv>
      </TextLine>

      
    </TextRegion>
    
    <TextRegion id="region_1601885623340_203"  custom="structure {type:MainZone;}">
      <Coords points="149,1526 896,1503 962,2417 163,2466"/>
      
      
      <TextLine id="line_1601885881143_414" >
        <Coords points="297,1611 291,1553 709,1532 711,1532 711,1532 778,1542 783,1599 783,1607 297,1613"/>
        <Baseline points="299,1612 785,1600"/>
        <TextEquiv>
          <Unicode>Yo Selim al gran Sultan,</Unicode>
        </TextEquiv>
      </TextLine>

      
      
      <TextLine id="line_1601885884871_421" >
        <Coords points="244,1660 238,1607 707,1597 713,1641 713,1653 244,1668"/>
        <Baseline points="246,1661 714,1643"/>
        <TextEquiv>
          <Unicode>rey de reyes coronado,</Unicode>
        </TextEquiv>
      </TextLine>

      
      
      <TextLine id="line_1601885889294_428" >
        <Coords points="249,1706 238,1666 249,1653 251,1653 251,1651 251,1651 253,1651 253,1651 253,1651 255,1651 255,1651 255,1651 257,1651 257,1651 311,1660 328,1649 330,1649 330,1649 330,1649 332,1649 332,1649 334,1649 334,1649 334,1649 337,1649 366,1657 533,1643 535,1643 726,1647 730,1691 730,1697 249,1718"/>
        <Baseline points="250,1708 732,1692"/>
        <TextEquiv>
          <Unicode>de siete imperios señor,</Unicode>
        </TextEquiv>
      </TextLine>

      
      
      <TextLine id="line_1601885893500_435" >
        <Coords points="253,1758 249,1712 368,1695 370,1695 707,1695 766,1680 766,1680 766,1680 768,1680 768,1680 768,1680 818,1691 822,1737 822,1750 253,1770"/>
        <Baseline points="254,1759 824,1739"/>
        <TextEquiv>
          <Unicode>que estan bajo de mi mando,</Unicode>
        </TextEquiv>
      </TextLine>

      
      
      <TextLine id="line_1601885896893_442" >
        <Coords points="259,1802 255,1756 523,1739 525,1739 525,1739 525,1739 527,1739 527,1739 546,1745 550,1747 559,1745 600,1735 602,1735 602,1735 605,1735 605,1735 605,1735 607,1735 636,1743 642,1735 644,1735 644,1733 644,1733 646,1733 646,1733 646,1733 649,1733 649,1733 649,1733 651,1733 745,1741 749,1781 747,1798 259,1821"/>
        <Baseline points="260,1804 750,1783"/>
        <TextEquiv>
          <Unicode>Capadocia y Trevisonda,</Unicode>
        </TextEquiv>
      </TextLine>

      
      
      <TextLine id="line_1601885900648_449" >
        <Coords points="261,1856 255,1810 468,1789 471,1789 787,1789 791,1835 791,1848 261,1871"/>
        <Baseline points="263,1857 793,1836"/>
        <TextEquiv>
          <Unicode>y el gran Cairo nombrado,</Unicode>
        </TextEquiv>
      </TextLine>

      
      
      <TextLine id="line_1601885904595_456" >
        <Coords points="257,1902 251,1856 747,1837 753,1884 753,1890 257,1909"/>
        <Baseline points="258,1904 755,1886"/>
        <TextEquiv>
          <Unicode>emperador del gran Kan</Unicode>
        </TextEquiv>
      </TextLine>

      
      
      <TextLine id="line_1601885907853_463" >
        <Coords points="259,1950 255,1907 716,1890 722,1934 722,1944 259,1961"/>
        <Baseline points="260,1953 724,1935"/>
        <TextEquiv>
          <Unicode>de Esclavonia llamado,</Unicode>
        </TextEquiv>
      </TextLine>

      
      
      <TextLine id="line_1601885910817_470" >
        <Coords points="259,1997 255,1950 464,1934 466,1934 466,1934 466,1934 515,1942 531,1932 533,1932 533,1932 535,1932 535,1932 535,1932 538,1932 538,1932 605,1940 611,1932 613,1932 613,1930 613,1930 615,1930 615,1930 615,1930 617,1930 617,1930 619,1930 793,1938 797,1984 797,1997 259,2009"/>
        <Baseline points="260,1998 799,1986"/>
        <TextEquiv>
          <Unicode>de Costantinopla y griegos</Unicode>
        </TextEquiv>
      </TextLine>

      
      
      <TextLine id="line_1601885914017_477" >
        <Coords points="263,2047 261,1994 454,1997 458,1992 460,1988 462,1988 462,1986 462,1986 464,1986 464,1986 464,1986 466,1986 466,1986 466,1986 468,1986 468,1986 471,1986 494,1992 504,1994 529,1992 621,1982 621,1982 623,1982 623,1982 623,1982 667,1992 672,2034 672,2043 263,2055"/>
        <Baseline points="265,2049 673,2035"/>
        <TextEquiv>
          <Unicode>Tamorlan intitulado,</Unicode>
        </TextEquiv>
      </TextLine>

      
      
      <TextLine id="line_1601885917544_484" >
        <Coords points="267,2095 263,2051 730,2030 736,2080 736,2087 267,2103"/>
        <Baseline points="269,2096 738,2082"/>
        <TextEquiv>
          <Unicode>emperador de Turquia,</Unicode>
        </TextEquiv>
      </TextLine>

      
      
      <TextLine id="line_1601885920551_491" >
        <Coords points="265,2147 259,2103 764,2080 770,2128 770,2139 265,2154"/>
        <Baseline points="267,2149 771,2129"/>
        <TextEquiv>
          <Unicode>de Armenia y su reinado</Unicode>
        </TextEquiv>
      </TextLine>

      
      
      <TextLine id="line_1601885925055_498" >
        <Coords points="267,2195 263,2151 814,2131 820,2174 820,2187 267,2206"/>
        <Baseline points="269,2196 822,2177"/>
        <TextEquiv>
          <Unicode>rey de setenta y tres reyes,</Unicode>
        </TextEquiv>
      </TextLine>

      
      
      <TextLine id="line_1601885928410_505" >
        <Coords points="276,2241 272,2200 613,2177 615,2177 818,2183 822,2225 820,2239 276,2254"/>
        <Baseline points="277,2243 824,2227"/>
        <TextEquiv>
          <Unicode>que no digo ni he contado,</Unicode>
        </TextEquiv>
      </TextLine>

      
      
      <TextLine id="line_1601885931792_512" >
        <Coords points="274,2292 267,2244 720,2229 726,2277 724,2283 274,2302"/>
        <Baseline points="275,2294 728,2278"/>
        <TextEquiv>
          <Unicode>señor de la Casa Santa</Unicode>
        </TextEquiv>
      </TextLine>

      
      
      <TextLine id="line_1601885935442_519" >
        <Coords points="278,2338 272,2292 295,2279 295,2279 295,2279 297,2279 297,2279 297,2279 299,2279 299,2279 349,2288 355,2288 764,2277 776,2264 780,2262 780,2260 780,2260 783,2260 783,2260 785,2260 785,2260 785,2260 912,2258 919,2319 919,2325 278,2344"/>
        <Baseline points="279,2339 920,2320"/>
        <TextEquiv>
          <Unicode>que es lo que llora el cristiano.</Unicode>
        </TextEquiv>
      </TextLine>

      
      
      <TextLine id="line_1601885939233_526" >
        <Coords points="282,2390 278,2342 690,2331 724,2319 726,2319 726,2319 726,2319 728,2319 728,2319 789,2329 793,2373 791,2394 602,2390 588,2396 575,2403 575,2403 575,2403 573,2403 573,2403 571,2403 466,2398 458,2398 456,2398 408,2409 408,2409 408,2409 406,2409 280,2398"/>
        <Baseline points="283,2392 795,2374"/>
        <TextEquiv>
          <Unicode>A vos, principe don Juan</Unicode>
        </TextEquiv>
      </TextLine>

      
    </TextRegion>
    
    <TextRegion id="region_1601885649684_209"  custom="structure {type:MainZone;}">
      <Coords points="905,1485 1675,1490 1718,2449 909,2453"/>
      
      
      <TextLine id="line_1601885943111_533" >
        <Coords points="971,1582 967,1523 1028,1534 1080,1521 1095,1519 1095,1519 1095,1519 1097,1519 1413,1521 1417,1567 1415,1586 971,1593"/>
        <Baseline points="973,1583 1418,1569"/>
        <TextEquiv>
          <Unicode>de Austria intitulado,</Unicode>
        </TextEquiv>
      </TextLine>

      
      
      <TextLine id="line_1601885945718_540" >
        <Coords points="971,1636 967,1584 1348,1574 1354,1624 1352,1634 971,1647"/>
        <Baseline points="973,1638 1355,1626"/>
        <TextEquiv>
          <Unicode>hijo del emperador</Unicode>
        </TextEquiv>
      </TextLine>

      
      
      <TextLine id="line_1601885948557_547" >
        <Coords points="979,1687 973,1632 1499,1618 1505,1662 1503,1668 979,1693"/>
        <Baseline points="981,1689 1506,1663"/>
        <TextEquiv>
          <Unicode>Cárlos quinto el esforzado</Unicode>
        </TextEquiv>
      </TextLine>

      
      
      <TextLine id="line_1601885952569_554" >
        <Coords points="981,1735 977,1678 1448,1672 1455,1720 1455,1731 981,1743"/>
        <Baseline points="983,1736 1457,1722"/>
        <TextEquiv>
          <Unicode>hermano del rey Felípe</Unicode>
        </TextEquiv>
      </TextLine>

      
      
      <TextLine id="line_1601885955633_561" >
        <Coords points="981,1777 977,1735 1270,1714 1272,1714 1446,1720 1450,1760 1450,1775 981,1791"/>
        <Baseline points="983,1779 1451,1761"/>
        <TextEquiv>
          <Unicode>el mas bien afortunado.</Unicode>
        </TextEquiv>
      </TextLine>

      
      
      <TextLine id="line_1601885958998_568" >
        <Coords points="990,1831 986,1775 1071,1781 1115,1770 1124,1768 1126,1768 1126,1768 1128,1768 1128,1768 1128,1768 1130,1768 1136,1770 1164,1777 1436,1762 1442,1810 1440,1823 990,1837"/>
        <Baseline points="991,1832 1443,1812"/>
        <TextEquiv>
          <Unicode>General sois de la Liga</Unicode>
        </TextEquiv>
      </TextLine>

      
      
      <TextLine id="line_1601885961576_575" >
        <Coords points="986,1877 979,1829 1459,1819 1465,1863 1463,1875 986,1884"/>
        <Baseline points="987,1879 1467,1865"/>
        <TextEquiv>
          <Unicode>de Venecia y el Romano,</Unicode>
        </TextEquiv>
      </TextLine>

      
      
      <TextLine id="line_1601885964849_582" >
        <Coords points="992,1930 986,1881 1143,1865 1143,1865 1145,1865 1145,1865 1147,1865 1180,1873 1185,1875 1187,1873 1199,1863 1199,1863 1201,1863 1201,1863 1201,1863 1203,1863 1203,1863 1205,1863 1205,1863 1205,1863 1208,1863 1208,1863 1208,1863 1210,1863 1210,1863 1220,1873 1220,1873 1222,1873 1258,1860 1260,1860 1260,1860 1260,1860 1262,1860 1262,1860 1264,1860 1264,1860 1291,1871 1293,1871 1293,1871 1310,1858 1312,1858 1312,1858 1312,1858 1314,1858 1314,1858 1314,1858 1316,1858 1494,1865 1499,1909 1499,1921 992,1940"/>
        <Baseline points="993,1932 1500,1910"/>
        <TextEquiv>
          <Unicode>y de España la invecible,</Unicode>
        </TextEquiv>
      </TextLine>

      
      
      <TextLine id="line_1601885969039_589" >
        <Coords points="988,1974 981,1930 1601,1896 1607,1955 1605,1963 988,1988"/>
        <Baseline points="989,1975 1608,1957"/>
        <TextEquiv>
          <Unicode>como siempre lo ha mostrado.</Unicode>
        </TextEquiv>
      </TextLine>

      
      
      <TextLine id="line_1601885972966_596" >
        <Coords points="984,2024 977,1971 1538,1961 1545,2005 1545,2017 984,2030"/>
        <Baseline points="985,2026 1547,2006"/>
        <TextEquiv>
          <Unicode>Aquí os envio un presente,</Unicode>
        </TextEquiv>
      </TextLine>

      
      
      <TextLine id="line_1601885976452_603" >
        <Coords points="988,2074 984,2028 1593,2001 1599,2057 1597,2064 988,2080"/>
        <Baseline points="989,2075 1600,2059"/>
        <TextEquiv>
          <Unicode>no conforme á vuestro estado;</Unicode>
        </TextEquiv>
      </TextLine>

      
      
      <TextLine id="line_1601885980354_610" >
        <Coords points="990,2124 986,2078 1048,2064 1048,2064 1048,2064 1051,2064 1051,2064 1109,2072 1111,2072 1115,2072 1306,2055 1308,2055 1490,2059 1494,2107 1492,2118 990,2128"/>
        <Baseline points="991,2126 1496,2110"/>
        <TextEquiv>
          <Unicode>dichoso os podeis llamar,</Unicode>
        </TextEquiv>
      </TextLine>

      
      
      <TextLine id="line_1601885983731_617" >
        <Coords points="998,2174 994,2126 1256,2105 1258,2105 1465,2110 1469,2156 1467,2166 998,2185"/>
        <Baseline points="1000,2177 1471,2157"/>
        <TextEquiv>
          <Unicode>y en el mar afortunado,</Unicode>
        </TextEquiv>
      </TextLine>

      
      
      <TextLine id="line_1601885987057_624" >
        <Coords points="1000,2223 994,2170 1482,2143 1490,2200 1488,2216 1266,2216 1000,2237"/>
        <Baseline points="1002,2224 1492,2202"/>
        <TextEquiv>
          <Unicode>y mas por solo enviaros</Unicode>
        </TextEquiv>
      </TextLine>

      
      
      <TextLine id="line_1601885989988_631" >
        <Coords points="996,2264 988,2223 1019,2210 1019,2210 1021,2210 1021,2210 1021,2210 1023,2210 1023,2210 1025,2210 1059,2218 1069,2208 1069,2208 1071,2208 1071,2208 1071,2208 1074,2208 1074,2208 1074,2208 1076,2208 1076,2208 1122,2216 1128,2216 1141,2214 1199,2204 1199,2204 1199,2204 1201,2204 1283,2208 1333,2210 1610,2193 1616,2246 1616,2262 996,2281"/>
        <Baseline points="998,2267 1618,2247"/>
        <TextEquiv>
          <Unicode>el presente que aqui os mando;</Unicode>
        </TextEquiv>
      </TextLine>

      
      
      <TextLine id="line_1601885993325_638" >
        <Coords points="996,2317 992,2271 1446,2258 1453,2300 1453,2311 996,2329"/>
        <Baseline points="998,2318 1455,2302"/>
        <TextEquiv>
          <Unicode>si no es cual mereceis</Unicode>
        </TextEquiv>
      </TextLine>

      
      
      <TextLine id="line_1601885996751_645" >
        <Coords points="1007,2367 1002,2321 1115,2304 1115,2304 1118,2304 1118,2304 1191,2313 1199,2313 1201,2313 1214,2302 1214,2302 1216,2302 1216,2302 1216,2302 1218,2302 1218,2302 1220,2302 1453,2302 1457,2350 1457,2363 1337,2380 1337,2380 1335,2380 1335,2380 1268,2369 1266,2369 1264,2369 1224,2384 1224,2384 1222,2384 1222,2384 1220,2384 1220,2384 1220,2384 1218,2384 1218,2384 1191,2371 1189,2371 1120,2371 1118,2373 1063,2390 1061,2390 1061,2390 1061,2390 1059,2390 1059,2390 1057,2390 1002,2375"/>
        <Baseline points="1008,2369 1459,2351"/>
        <TextEquiv>
          <Unicode>recibidlo de mi mano. </Unicode>
        </TextEquiv>
      </TextLine>

      
    </TextRegion>
    
    <TextRegion id="eSc_textblock_f1ecd83a"  custom="structure {type:CustomZone:titulo_parte;}">
      <Coords points="420,1149 433,1312 191,1326 199,1473 1708,1438 1681,1292 1445,1291 1441,1119"/>
      
    </TextRegion>
    
    <TextRegion id="eSc_textblock_59ffa50a"  custom="structure {type:GraphicZone:ornamentation;}">
      <Coords points="506,906 506,1105 1319,1105 1350,880"/>
      
    </TextRegion>
    

    
    <TextRegion id="eSc_dummyblock_">
    
    
      <TextLine id="line_1601885807799_380" >
        <Coords points="605,1232 594,1165 609,1155 611,1155 611,1155 611,1155 613,1155 613,1155 613,1155 615,1155 615,1155 617,1155 617,1155 617,1155 634,1163 636,1165 638,1163 655,1151 655,1151 657,1151 657,1151 659,1151 659,1151 659,1151 810,1147 812,1147 812,1147 812,1147 814,1147 814,1147 814,1147 816,1147 829,1155 835,1159 1000,1155 1007,1147 1013,1142 1013,1140 1013,1140 1015,1140 1015,1140 1015,1140 1017,1140 1017,1140 1017,1140 1019,1140 1019,1140 1021,1140 1044,1147 1065,1151 1084,1145 1105,1136 1105,1136 1107,1136 1107,1136 1109,1136 1109,1136 1164,1140 1235,1147 1252,1136 1262,1212 1262,1226 1185,1239 1185,1239 1182,1239 1182,1239 1182,1239 1145,1232 1130,1230 1115,1235 1065,1247 1063,1247 1063,1247 1061,1247 1061,1247 988,1239 958,1237 950,1241 935,1251 933,1251 933,1251 933,1251 931,1251 931,1251 929,1251 929,1251 873,1245 841,1241 814,1247 780,1256 778,1256 778,1256 778,1258 605,1258"/>
        <Baseline points="606,1234 1263,1213"/>
        <TextEquiv>
          <Unicode>SEGUNDA PARTE.</Unicode>
        </TextEquiv>
      </TextLine>

    
    
      <TextLine id="line_1601885855108_400" >
        <Coords points="242,1406 238,1348 397,1354 506,1352 523,1339 523,1337 523,1337 525,1337 525,1337 525,1337 527,1337 527,1337 529,1337 529,1337 529,1337 531,1337 535,1339 569,1348 766,1341 789,1331 801,1327 801,1327 803,1327 803,1327 806,1327 806,1327 806,1327 824,1331 854,1337 873,1329 881,1325 881,1325 881,1325 883,1325 883,1325 885,1325 885,1325 917,1327 967,1333 998,1325 1025,1318 1028,1318 1028,1318 1030,1318 1157,1320 1256,1322 1291,1316 1333,1310 1333,1310 1335,1310 1335,1310 1381,1314 1402,1316 1406,1314 1423,1304 1425,1304 1425,1304 1427,1304 1427,1304 1427,1304 1430,1304 1517,1310 1543,1312 1555,1310 1599,1297 1601,1297 1601,1297 1603,1297 1603,1297 1605,1297 1645,1308 1647,1354 1647,1375 242,1419"/>
        <Baseline points="243,1407 351,1405 408,1403 557,1397 645,1393 712,1389 857,1384 916,1382 990,1378 1184,1372 1237,1372 1337,1368 1519,1362 1649,1356"/>
        <TextEquiv>
          <Unicode>Carta y presente que por medio de un embajador y gran comitiva envió</Unicode>
        </TextEquiv>
      </TextLine>

    
    
      <TextLine id="line_1601885866816_407" >
        <Coords points="598,1440 592,1400 628,1385 628,1385 630,1385 630,1385 630,1385 632,1385 632,1385 634,1385 634,1385 661,1396 672,1385 672,1383 672,1383 674,1383 674,1383 674,1383 676,1383 676,1383 676,1383 678,1383 801,1392 881,1377 881,1377 881,1377 883,1377 883,1377 885,1377 885,1377 912,1387 948,1375 948,1375 950,1375 950,1375 952,1375 952,1375 952,1375 954,1375 954,1375 981,1385 1044,1373 1044,1373 1044,1373 1046,1373 1272,1379 1277,1419 1275,1431 598,1446"/>
        <Baseline points="600,1442 639,1440 796,1434 835,1433 924,1433 1035,1429 1092,1427 1278,1421"/>
        <TextEquiv>
          <Unicode>el Sultan á don Juan de Austria.</Unicode>
        </TextEquiv>
      </TextLine>

    
    </TextRegion>
    
  </Page>
</PcGts>
