1765 2512
295 148 334 209 4
868 1831 1004 1907 FI1T.
280 2323 1547 2348 CARMONA:—Imp y lib. de D. José M. Moreno, Madre de Dios, 1.
257 198 680 257 El Sol le dijo á la Luna
971 200 1373 259 Salero, viva el salero,
211 238 655 305 que se fuera á recoger,
927 242 1272 301 salero, viva la sal,
213 280 726 345 que á deshora de la noche
925 284 1375 345 que tiene V. mas salero
209 332 718 391 no andan mujeres de bien.
929 330 1373 395 que el salero universal.
247 370 803 437 Tres fincas tengo en Madrid,
977 378 1413 431 El marco de tu ventana
209 418 667 477 siendo un pobre militar:
931 410 1432 483 todo está lleno de estrellas,
209 462 676 527 la cárcel, el cementerio,
929 466 1356 527 y así que te asomas tú,
213 506 626 569 y también el hospital.
927 510 1427 567 sale el sol, y se van ellas.
253 550 713 613 Un ciego estaba mirando
975 548 1622 613 Cuando en los ojos de un hombre
207 596 693 661 cómo se quema una casa,
929 598 1438 655 sorprendas alguna lágrima,
207 632 669 701 un mudo llamaba gente,
927 640 1411 699 compadece al desgraciado
207 680 697 749 y un cojo llevaba el agua.
927 686 1386 743 sin preguntarle la causa.
253 728 705 791 Viva Cádiz porque tiene
971 732 1409 787 Si ves llorar á una niña
203 764 701 837 las murallas hácia el mar,
925 774 1430 835 consuélala en su aflicción,
205 814 596 879 y cañones apuntando
925 814 1436 877 que las lágrimas que vierte
200 862 619 918 al Peñón de Gibraltar.
927 864 1354 923 se las'arranca el amor.
247 910 682 965 Una mora me enamora
971 906 1455 965 Cuando las viejas sollozan
200 933 667 1013 y'no es mora de nación;
927 952 1423 1011 no se las debe hacer caso,
200 992 695 1055 es mora porque ella mora
923 992 1406 1057 pues solo lloran las viejas
203 1034 623 1096 dentro de mi corazón.
927 1042 1339 1096 al recodar su pasado.
247 1080 693 1142 Eres tú la que le quitas
969 1082 1499 1145 Me aconsejan que te olvide;
203 1124 609 1186 todos los rayos al sol,
927 1126 1339 1191 ¡mira qué barbaridad!
200 1170 619 1230 á la nieve la blancura
929 1176 1383 1232 ¡Como no saben querer,
203 1209 665 1276 y á la manzana el color.
927 1212 1300 1274 no saben aconsejar!
247 1258 701 1322 Cásale y tendrás mujer,
971 1260 1540 1325 Todo el mundo en contra mia,
203 1293 697 1364 si es bonita, que guardar,
929 1289 1427 1364 Serrana, porque te quiero,
205 1343 665 1415 si es fea, que aborrecer,
931 1348 1486 1408 todo el mundo en contra mia,
207 1389 688 1454 si es rica, que contentar,
935 1394 1478 1461 y yo contra el mundo entero.
207 1436 724 1509 si es pobre, que mantener.
