1765 2512
238 192 1346 293 TROVOS NUEVOS PARA CANTAR CON LA GUITARRA.
127 2262 1540 2369 CARMONA—1856 Imp. de D. J. M. M. calle Juan de la Cabra, núrn 5
529 305 1032 366 Quise bien, fui aborrecido,
481 341 933 410 adore, fui despreciado;
485 385 946 452 me lamenté, no fui oido,
479 433 944 498 porfió, no fui escuchado
127 485 669 552 ¡Cuán desgraciado he nacido,
85 525 676 600 y cuán contraria es mi estrella!
81 573 496 640 pues me Vi aborrecido
83 617 659 682 de una deidad, y aunque á ella
81 657 575 726 quise bien, fui aborrecido.
131 707 592 772 Aunque todo mi cuidado
90 751 653 814 se esmeró en servirla ansioso,
87 791 617 856 ningún provecho he sacado;
85 831 613 906 pues por mas que afectuoso
90 883 531 944 adoré, fui despreciado.
852 471 1360 535 Quise amante muy rendido
810 514 1275 575 obligarla con mis quejas:
812 554 1337 621 mas ella se dio al descuido,
812 596 1419 676 y aunque incesante en sus rejas
810 651 1289 711 me lamenté, no fui oído.
856 690 1398 751 Viéndome, pues desdeñado,
814 736 1293 797 su calle rondaba amante;
816 772 1329 841 mas fue tiempo malogrado,
816 816 1371 895 pues aunque lino y constante
816 862 1296 942 porfié, no fui escuchado.
548 956 1120 1023 Ya me has vuelto las espaldas
492 1002 996 1073 porque tienes nuevo amor,
496 1044 1004 1107 bien puedes corresponderle
496 1096 891 1157 que lo merece mejor.
142 1140 732 1203 Sobre alfombras de esmeraldas
102 1186 500 1256 un galan enternecido
106 1230 592 1289 al pie de una verde palma
102 1272 586 1335 con ansias dice á Cupido:
102 1312 674 1383 ya me has vuelto las espaldas.
146 1362 546 1425 De tu desden el rigor
104 1408 579 1469 me penetró toda el alma,
104 1448 546 1515 que olvidado á tu favor
104 1492 701 1559 mí vida se encuentra en calma
100 1534 607 1616 porque tienes nuevo amor.
868 1130 1260 1189 Deseara el conocerle
827 1170 1283 1237 para envidiarle la dicha,
824 1212 1256 1285 pues tú deseas tenerlo,
827 1239 1333 1322 mientras lloro mi derUcna
829 1304 1350 1369 bien puedes corresport crie.
875 1337 1358 1410 ¡Oh qué pena y qué dolor!
831 1379 1396 1463 ¡qué suerte y qué desventura!
831 1431 1272 1496 acábese en mí el error,
833 1471 1390 1542 que él goce de tu hermosura,
831 1517 1254 1599 pues lo merece mejor.
544 1620 981 1680 Albricias, corazón mío,
498 1662 1011 1720 ánimo, no hay que llorar:
498 1701 1053 1770 que el sol que se te eclipsaba,
500 1750 961 1810 su luz volvió á recobrar.
159 1791 619 1860 Acábese el mármol frió,
115 1842 607 1909 quilate el luto asombroso,
115 1881 634 1955 que el dueño de tu alvedrío
117 1930 544 1999 fue Fénix maravilloso;
119 1980 556 2043 albricias, corazón mió.
167 2020 665 2080 Vuelve, vuelve á respirar,
119 2055 621 2133 que la fiera muerte airada
125 2105 567 2170 no ha podido arrebatar
123 2145 640 2216 la vida á tu prenda amada;
125 2191 619 2258 ánimo, no hay que llorar.
885 1783 1352 1850 Cese el dolor que llenaba
843 1827 1325 1888 tus retretes de amargura,
841 1867 1285 1942 ya brilla como brillaba
847 1907 1375 1980 con luz mas perfecta y pura
847 1955 1417 2030 que el sol que se te eclipsaba.
891 2001 1417 2068 No ha de volverte á agoviar
850 2049 1304 2110 la oscuridad importuna,
852 2091 1331 2160 horror ni espanto y pesar;
850 2133 1306 2195 que tu moribunda luna
850 2181 1325 2254 su luz volvió á recobrar.
