<?xml version="1.0" encoding="UTF-8"  standalone="yes"?>
<PcGts xmlns="http://schema.primaresearch.org/PAGE/gts/pagecontent/2019-07-15" xmlns:xsi="http://www.w3.org/2001/XMLSchema-instance" xsi:schemaLocation="http://schema.primaresearch.org/PAGE/gts/pagecontent/2019-07-15 http://schema.primaresearch.org/PAGE/gts/pagecontent/2019-07-15/pagecontent.xsd">
  <Metadata>
	<Creator>escriptorium</Creator>
	<Created>2021-12-11T11:58:01.426214+00:00</Created>
        <LastChange>2021-12-11T11:58:01.426252+00:00</LastChange>

  </Metadata>
  <Page imageFilename="Moreno_007_2.jpg" imageWidth="1765" imageHeight="2512">

    
    <TextRegion id="region_1601538328746_279"  custom="structure {type:NumberingZone:page;}">
      <Coords points="162,290 230,290 230,349 162,349"/>
      
      
      <TextLine id="line_1601538336609_283" >
        <Coords points="173,341 175,282 224,295 221,343 217,351 171,347"/>
        <Baseline points="174,343 224,344"/>
        <TextEquiv>
          <Unicode>2</Unicode>
        </TextEquiv>
      </TextLine>

      
    </TextRegion>
    
    <TextRegion id="r1"  custom="structure {type:MainZone;}">
      <Coords points="79,335 122,2345 848,2284 814,305"/>
      
      
      <TextLine id="r1l1" >
        <Coords points="136,387 133,349 628,349 630,378 628,391 136,401"/>
        <Baseline points="137,389 163,388 189,388 215,387 241,387 267,386 293,385 319,385 345,384 371,384 397,383 423,383 449,382 475,382 501,381 527,381 553,380 579,380 605,379 631,379"/>
        <TextEquiv>
          <Unicode>que estaba todo bordado</Unicode>
        </TextEquiv>
      </TextLine>

      
      
      <TextLine id="r1l2" >
        <Coords points="133,435 129,387 705,383 711,424 711,443 133,447"/>
        <Baseline points="135,437 163,437 192,436 221,435 250,435 279,434 308,434 337,433 366,432 395,432 424,431 452,431 481,430 510,430 539,429 568,429 597,428 626,428 655,428 684,428 713,427"/>
        <TextEquiv>
          <Unicode>de letras de oro fino y terso,</Unicode>
        </TextEquiv>
      </TextLine>

      
      
      <TextLine id="r1l3" >
        <Coords points="129,491 125,443 657,433 663,473 661,489 188,496 129,510"/>
        <Baseline points="131,492 157,490 184,488 211,486 237,485 264,484 291,483 317,482 344,481 371,481 398,480 424,480 451,479 478,479 504,479 531,478 558,478 584,477 611,477 638,476 665,475"/>
        <TextEquiv>
          <Unicode>y unas letras que decian:</Unicode>
        </TextEquiv>
      </TextLine>

      
      
      <TextLine id="r1l4" >
        <Coords points="136,533 131,496 299,479 301,479 617,483 621,521 619,537 136,548"/>
        <Baseline points="138,534 163,533 189,533 214,532 240,532 265,531 291,531 316,530 342,530 367,529 393,529 418,528 444,528 469,527 495,526 520,526 546,525 571,524 597,524 623,523"/>
        <TextEquiv>
          <Unicode>soy de la hija de Venus.</Unicode>
        </TextEquiv>
      </TextLine>

      
      
      <TextLine id="r1l5" >
        <Coords points="142,577 140,529 669,531 672,571 669,588 142,596"/>
        <Baseline points="143,579 169,579 196,580 222,580 249,580 275,580 302,579 328,579 355,578 381,578 408,577 434,576 461,576 487,575 514,574 540,574 567,574 593,573 620,573 646,573 673,573"/>
        <TextEquiv>
          <Unicode>Confuso quedé al mirarlo;</Unicode>
        </TextEquiv>
      </TextLine>

      
      
      <TextLine id="r1l6" >
        <Coords points="133,628 129,586 707,579 711,617 709,638 133,651"/>
        <Baseline points="134,628 164,629 194,629 225,628 255,628 286,628 316,627 347,627 377,626 408,625 438,625 469,624 499,623 530,623 560,622 591,621 621,620 652,620 682,619 713,618"/>
        <TextEquiv>
          <Unicode>y discurriendo que el dueño</Unicode>
        </TextEquiv>
      </TextLine>

      
      
      <TextLine id="r1l7" >
        <Coords points="133,676 129,638 554,634 559,671 556,688 133,690"/>
        <Baseline points="135,677 160,677 185,677 210,677 235,676 260,676 285,675 310,675 335,674 360,674 385,673 410,673 435,672 460,672 485,672 510,672 535,672 561,672"/>
        <TextEquiv>
          <Unicode>mas arriba quedaría,</Unicode>
        </TextEquiv>
      </TextLine>

      
      
      <TextLine id="r1l8" >
        <Coords points="131,732 127,690 699,665 703,715 703,732 131,747"/>
        <Baseline points="133,733 161,731 190,729 218,728 247,726 276,725 304,724 333,723 361,722 390,721 419,720 447,720 476,719 504,719 533,718 562,718 590,718 619,718 647,717 676,717 705,717"/>
        <TextEquiv>
          <Unicode>y que era muger es cierto,</Unicode>
        </TextEquiv>
      </TextLine>

      
      
      <TextLine id="r1l9" >
        <Coords points="140,774 136,732 621,724 626,764 626,782 140,793"/>
        <Baseline points="141,775 166,775 192,774 217,773 243,773 268,772 294,771 320,771 345,770 371,770 396,769 422,769 447,768 473,768 499,768 524,767 550,767 575,767 601,766 627,766"/>
        <TextEquiv>
          <Unicode>sigo la fresca corriente;</Unicode>
        </TextEquiv>
      </TextLine>

      
      
      <TextLine id="r1l10" >
        <Coords points="138,822 133,778 634,770 638,812 638,826 138,833"/>
        <Baseline points="140,824 166,823 192,822 218,822 245,821 271,820 297,820 323,819 350,818 376,818 402,817 428,817 455,816 481,816 507,815 533,815 560,814 586,814 612,813 639,813"/>
        <TextEquiv>
          <Unicode>donde á pocos pasos veo</Unicode>
        </TextEquiv>
      </TextLine>

      
      
      <TextLine id="r1l11" >
        <Coords points="142,872 138,831 634,818 638,860 636,872 142,891"/>
        <Baseline points="143,875 169,874 195,872 221,871 247,870 273,869 299,869 325,868 351,867 377,866 404,866 430,865 456,865 482,864 508,864 534,863 560,863 586,863 612,862 639,862"/>
        <TextEquiv>
          <Unicode>que entretenida la dama</Unicode>
        </TextEquiv>
      </TextLine>

      
      
      <TextLine id="r1l12" >
        <Coords points="140,918 136,877 598,872 602,912 600,929 140,935"/>
        <Baseline points="141,921 166,920 192,919 218,919 244,918 269,917 295,916 321,916 347,915 373,915 398,914 424,914 450,913 476,913 501,913 527,913 553,913 579,913 605,913"/>
        <TextEquiv>
          <Unicode>estaba con un pañuelo,</Unicode>
        </TextEquiv>
      </TextLine>

      
      
      <TextLine id="r1l13" >
        <Coords points="142,967 138,929 680,908 684,956 684,975 142,979"/>
        <Baseline points="144,968 171,967 198,967 225,967 252,966 279,966 306,965 333,964 360,964 387,963 414,962 441,962 468,961 495,961 522,960 549,959 576,959 603,959 630,958 657,958 685,958"/>
        <TextEquiv>
          <Unicode>mojandolo en la corriente.</Unicode>
        </TextEquiv>
      </TextLine>

      
      
      <TextLine id="r1l14" >
        <Coords points="138,1015 136,965 649,965 651,1004 649,1019 138,1036"/>
        <Baseline points="140,1016 165,1016 191,1015 216,1015 242,1015 268,1014 293,1014 319,1013 344,1013 370,1012 396,1011 421,1011 447,1010 472,1010 498,1009 524,1009 549,1008 575,1007 600,1007 626,1006 652,1006"/>
        <TextEquiv>
          <Unicode>Helado quedé y suspenso</Unicode>
        </TextEquiv>
      </TextLine>

      
      
      <TextLine id="r1l15" >
        <Coords points="148,1063 144,1019 623,1011 628,1055 626,1067 148,1078"/>
        <Baseline points="149,1064 174,1064 199,1064 224,1064 250,1064 275,1063 300,1062 325,1062 351,1061 376,1060 401,1060 426,1059 452,1058 477,1057 502,1057 527,1056 553,1056 578,1056 603,1056 629,1056"/>
        <TextEquiv>
          <Unicode>al ver tan rara belleza</Unicode>
        </TextEquiv>
      </TextLine>

      
      
      <TextLine id="r1l16" >
        <Coords points="148,1111 144,1071 678,1061 682,1103 680,1115 148,1132"/>
        <Baseline points="149,1112 175,1112 202,1112 229,1112 256,1112 282,1111 309,1110 336,1110 363,1109 389,1108 416,1108 443,1107 470,1106 496,1105 523,1105 550,1104 577,1104 603,1103 630,1103 657,1103 684,1104"/>
        <TextEquiv>
          <Unicode>sola en aquellos desiertos:</Unicode>
        </TextEquiv>
      </TextLine>

      
      
      <TextLine id="r1l17" >
        <Coords points="144,1157 140,1117 713,1111 718,1151 718,1168 144,1172"/>
        <Baseline points="145,1159 173,1160 202,1160 231,1160 259,1160 288,1159 317,1159 345,1158 374,1157 403,1156 432,1155 460,1154 489,1153 518,1152 546,1152 575,1151 604,1151 632,1151 661,1151 690,1151 719,1152"/>
        <TextEquiv>
          <Unicode>ocultéme entre unos ramos,</Unicode>
        </TextEquiv>
      </TextLine>

      
      
      <TextLine id="r1l18" >
        <Coords points="146,1207 144,1161 709,1161 711,1199 711,1216 146,1218"/>
        <Baseline points="147,1209 175,1209 203,1209 231,1209 260,1209 288,1208 316,1208 345,1207 373,1206 401,1205 430,1204 458,1203 486,1203 514,1202 543,1201 571,1201 599,1200 628,1200 656,1200 684,1200 713,1201"/>
        <TextEquiv>
          <Unicode>cuando vide, por lo menos,</Unicode>
        </TextEquiv>
      </TextLine>

      
      
      <TextLine id="r1l19" >
        <Coords points="154,1258 150,1216 728,1205 732,1247 732,1264 154,1274"/>
        <Baseline points="155,1259 183,1258 212,1258 241,1257 270,1257 299,1256 328,1255 357,1254 386,1253 415,1252 444,1251 472,1251 501,1250 530,1249 559,1248 588,1248 617,1248 646,1248 675,1248 704,1248 733,1249"/>
        <TextEquiv>
          <Unicode>que era la dama de prendas;</Unicode>
        </TextEquiv>
      </TextLine>

      
      
      <TextLine id="r1l20" >
        <Coords points="146,1308 140,1262 680,1253 684,1295 684,1308 146,1325"/>
        <Baseline points="147,1309 173,1308 200,1307 227,1306 254,1304 281,1303 308,1303 335,1302 362,1301 389,1300 416,1300 442,1299 469,1299 496,1299 523,1298 550,1298 577,1298 604,1298 631,1297 658,1297 685,1297"/>
        <TextEquiv>
          <Unicode>y á medio ceñir el cuerpo</Unicode>
        </TextEquiv>
      </TextLine>

      
      
      <TextLine id="r1l21" >
        <Coords points="154,1352 150,1310 579,1299 584,1343 582,1362 154,1366"/>
        <Baseline points="155,1353 180,1353 205,1354 230,1354 256,1353 281,1353 306,1352 332,1352 357,1351 382,1350 407,1349 433,1348 458,1348 483,1347 509,1346 534,1346 559,1346 585,1346"/>
        <TextEquiv>
          <Unicode>tenia una mantellina</Unicode>
        </TextEquiv>
      </TextLine>

      
      
      <TextLine id="r1l22" >
        <Coords points="154,1400 152,1350 642,1354 644,1392 640,1415 523,1406 498,1417 498,1417 496,1417 496,1417 496,1417 494,1417 494,1417 401,1408 154,1423"/>
        <Baseline points="155,1401 180,1401 206,1402 232,1402 258,1402 283,1401 309,1401 335,1400 361,1399 387,1399 412,1398 438,1397 464,1396 490,1395 516,1395 541,1394 567,1394 593,1394 619,1394 645,1394"/>
        <TextEquiv>
          <Unicode>de muy rico terciopelo,</Unicode>
        </TextEquiv>
      </TextLine>

      
      
      <TextLine id="r1l23" >
        <Coords points="146,1452 142,1410 747,1398 751,1438 751,1459 316,1459 146,1473"/>
        <Baseline points="147,1454 177,1454 207,1453 237,1452 268,1451 298,1450 328,1449 359,1448 389,1447 419,1446 450,1445 480,1444 510,1443 540,1443 571,1442 601,1441 631,1441 662,1441 692,1440 722,1440 753,1440"/>
        <TextEquiv>
          <Unicode>y una capa pies de damasco,</Unicode>
        </TextEquiv>
      </TextLine>

      
      
      <TextLine id="r1l24" >
        <Coords points="154,1498 150,1459 215,1448 215,1448 217,1448 217,1448 219,1448 253,1456 263,1459 270,1456 291,1446 291,1446 293,1446 293,1446 293,1446 295,1446 435,1454 445,1454 448,1454 458,1444 458,1444 460,1444 460,1444 460,1444 462,1444 462,1444 462,1444 464,1444 464,1444 464,1444 466,1444 496,1454 500,1454 510,1454 615,1440 615,1440 617,1440 617,1440 720,1452 722,1488 722,1500 154,1507"/>
        <Baseline points="157,1500 185,1500 213,1499 241,1498 270,1498 298,1497 326,1496 355,1495 383,1494 411,1494 440,1493 468,1492 496,1492 524,1491 553,1491 581,1490 609,1490 638,1489 666,1489 694,1489 723,1489"/>
        <TextEquiv>
          <Unicode>y de plumage un sombrero.</Unicode>
        </TextEquiv>
      </TextLine>

      
      
      <TextLine id="r1l25" >
        <Coords points="154,1546 150,1500 674,1498 678,1536 680,1546 661,1559 659,1559 659,1559 659,1559 657,1559 657,1559 655,1559 464,1557 364,1555 351,1561 345,1565 343,1565 343,1565 341,1565 341,1565 341,1565 339,1565 297,1563 200,1559 157,1570"/>
        <Baseline points="157,1547 183,1547 209,1547 235,1546 261,1546 287,1546 313,1545 339,1545 365,1544 391,1543 418,1543 444,1542 470,1541 496,1540 522,1540 548,1540 574,1539 600,1538 626,1538 652,1538 679,1537"/>
        <TextEquiv>
          <Unicode>Levántase empie la dama</Unicode>
        </TextEquiv>
      </TextLine>

      
      
      <TextLine id="r1l26" >
        <Coords points="154,1593 146,1557 167,1544 169,1544 169,1544 171,1544 171,1544 171,1544 173,1544 301,1553 309,1553 316,1553 376,1542 376,1542 378,1542 764,1542 766,1584 764,1601 154,1618"/>
        <Baseline points="155,1594 185,1594 216,1594 246,1594 277,1594 308,1593 338,1593 369,1592 399,1592 430,1591 461,1590 491,1590 522,1589 552,1588 583,1587 614,1587 644,1586 675,1586 705,1586 736,1585 767,1585"/>
        <TextEquiv>
          <Unicode>dió una vuelta, y echó menos</Unicode>
        </TextEquiv>
      </TextLine>

      
      
      <TextLine id="r1l27" >
        <Coords points="154,1641 150,1603 636,1599 640,1634 638,1655 154,1664"/>
        <Baseline points="155,1643 180,1643 206,1644 231,1644 257,1643 282,1643 308,1642 334,1642 359,1641 385,1641 410,1640 436,1639 461,1639 487,1638 513,1637 538,1636 564,1636 589,1635 615,1635 641,1635"/>
        <TextEquiv>
          <Unicode>el guante que yo tenia:</Unicode>
        </TextEquiv>
      </TextLine>

      
      
      <TextLine id="r1l28" >
        <Coords points="157,1691 152,1651 716,1643 720,1683 720,1701 157,1710"/>
        <Baseline points="159,1693 187,1692 215,1692 243,1691 271,1691 299,1690 327,1690 356,1689 384,1688 412,1688 440,1687 468,1687 496,1686 524,1686 553,1685 581,1685 609,1684 637,1684 665,1684 693,1684 722,1684"/>
        <TextEquiv>
          <Unicode>siguió la márgen de presto,</Unicode>
        </TextEquiv>
      </TextLine>

      
      
      <TextLine id="r1l29" >
        <Coords points="161,1741 157,1701 626,1691 630,1731 630,1750 161,1760"/>
        <Baseline points="163,1743 189,1743 215,1742 241,1741 267,1741 293,1740 319,1739 345,1738 371,1737 397,1736 423,1735 449,1735 475,1734 501,1733 527,1733 553,1732 579,1732 605,1732 631,1732"/>
        <TextEquiv>
          <Unicode>y llegando junto á mí,</Unicode>
        </TextEquiv>
      </TextLine>

      
      
      <TextLine id="r1l30" >
        <Coords points="157,1791 150,1752 724,1729 728,1777 728,1798 157,1802"/>
        <Baseline points="159,1792 187,1791 216,1790 244,1789 273,1788 301,1787 330,1787 358,1786 387,1785 415,1784 444,1783 472,1782 501,1782 529,1781 558,1780 586,1780 615,1779 643,1779 672,1779 700,1778 729,1778"/>
        <TextEquiv>
          <Unicode>yo salgo de entre lo espeso:</Unicode>
        </TextEquiv>
      </TextLine>

      
      
      <TextLine id="r1l31" >
        <Coords points="161,1835 159,1789 640,1789 642,1825 642,1842 161,1854"/>
        <Baseline points="163,1837 188,1837 213,1837 238,1836 264,1836 289,1836 314,1835 339,1834 365,1834 390,1833 415,1832 440,1831 466,1831 491,1830 516,1829 541,1829 567,1828 592,1828 617,1827 643,1827"/>
        <TextEquiv>
          <Unicode>helada quedó de verme:</Unicode>
        </TextEquiv>
      </TextLine>

      
      
      <TextLine id="r1l32" >
        <Coords points="169,1884 165,1837 657,1827 661,1873 661,1888 169,1904"/>
        <Baseline points="171,1885 196,1885 222,1885 248,1884 274,1884 300,1884 326,1883 352,1883 378,1882 404,1882 429,1881 455,1881 481,1880 507,1879 533,1878 559,1878 585,1877 611,1876 637,1875 663,1875"/>
        <TextEquiv>
          <Unicode>y dice ¡Valgame el cielo!</Unicode>
        </TextEquiv>
      </TextLine>

      
      
      <TextLine id="r1l33" >
        <Coords points="161,1930 157,1884 824,1879 829,1921 824,1948 159,1946"/>
        <Baseline points="163,1932 196,1932 229,1932 263,1932 296,1932 330,1931 363,1930 396,1930 430,1929 463,1929 497,1928 530,1927 563,1926 597,1926 630,1925 664,1924 697,1924 730,1923 764,1923 797,1922 831,1922"/>
        <TextEquiv>
          <Unicode>Si acaso habrá quien me ampare,</Unicode>
        </TextEquiv>
      </TextLine>

      
      
      <TextLine id="r1l34" >
        <Coords points="167,1982 163,1936 640,1934 644,1971 644,1988 483,1999 481,1999 481,1999 479,1999 479,1999 458,1992 448,1988 420,1992 353,2003 353,2003 351,2003 351,2003 351,2003 301,1994 293,1992 282,1994 230,2005 230,2005 230,2005 228,2005 228,2005 165,1994"/>
        <Baseline points="168,1983 193,1982 218,1982 243,1982 268,1981 293,1981 318,1980 343,1980 368,1979 393,1979 419,1978 444,1978 469,1977 494,1977 519,1976 544,1975 569,1975 594,1974 619,1974 645,1973"/>
        <TextEquiv>
          <Unicode>hagalo usted caballero.</Unicode>
        </TextEquiv>
      </TextLine>

      
      
      <TextLine id="r1l35" >
        <Coords points="173,2028 171,1980 684,1980 686,2017 686,2032 173,2049"/>
        <Baseline points="175,2029 200,2029 226,2029 251,2029 277,2029 303,2029 328,2028 354,2028 379,2028 405,2027 431,2027 456,2026 482,2026 507,2025 533,2024 559,2023 584,2023 610,2022 635,2021 661,2020 687,2019"/>
        <TextEquiv>
          <Unicode>Yo le dije hermosa dama</Unicode>
        </TextEquiv>
      </TextLine>

      
      
      <TextLine id="r1l36" >
        <Coords points="169,2078 165,2041 711,2030 716,2068 713,2091 617,2082 602,2093 602,2093 600,2093 600,2093 600,2093 600,2093 598,2093 598,2093 596,2093 596,2093 594,2093 506,2084 485,2095 485,2095 485,2095 485,2095 483,2095 483,2095 483,2095 481,2095 481,2095 479,2095 429,2087 169,2099"/>
        <Baseline points="171,2079 198,2079 225,2079 252,2078 280,2078 307,2077 334,2076 362,2076 389,2075 416,2074 444,2074 471,2073 498,2072 525,2072 553,2071 580,2071 607,2070 635,2070 662,2069 689,2069 717,2069"/>
        <TextEquiv>
          <Unicode>encanto de estos desiertos,</Unicode>
        </TextEquiv>
      </TextLine>

      
      
      <TextLine id="r1l37" >
        <Coords points="173,2128 169,2091 278,2078 280,2078 519,2082 529,2082 529,2082 550,2072 550,2072 550,2072 552,2072 552,2072 554,2072 554,2072 632,2080 642,2072 642,2070 642,2070 644,2070 644,2070 644,2070 646,2070 646,2070 649,2070 649,2070 720,2080 722,2116 720,2137 573,2131 554,2141 552,2141 552,2141 552,2141 550,2141 550,2141 550,2141 548,2141 548,2141 544,2141 479,2133 454,2143 452,2143 452,2143 450,2143 450,2143 450,2143 448,2143 431,2143 276,2137 173,2147"/>
        <Baseline points="175,2130 202,2129 229,2128 257,2127 284,2126 312,2125 339,2124 366,2124 394,2123 421,2122 449,2122 476,2121 503,2121 531,2120 558,2120 586,2119 613,2119 640,2119 668,2119 695,2118 723,2118"/>
        <TextEquiv>
          <Unicode>pasmo de estas soledades,</Unicode>
        </TextEquiv>
      </TextLine>

      
      
      <TextLine id="r1l38" >
        <Coords points="167,2179 161,2139 707,2124 713,2162 709,2187 680,2179 642,2189 642,2189 640,2189 640,2189 640,2189 167,2200"/>
        <Baseline points="169,2181 196,2179 223,2177 250,2176 278,2175 305,2174 332,2174 360,2173 387,2172 414,2172 442,2171 469,2171 496,2170 523,2170 551,2169 578,2169 605,2168 633,2167 660,2167 687,2165 715,2164"/>
        <TextEquiv>
          <Unicode>yo de estas selvas lucero,</Unicode>
        </TextEquiv>
      </TextLine>

      
      
      <TextLine id="r1l39" >
        <Coords points="167,2229 159,2193 182,2179 184,2179 184,2179 184,2179 186,2179 186,2179 188,2179 341,2183 349,2183 351,2183 374,2172 374,2172 376,2172 376,2172 376,2172 378,2172 378,2172 378,2172 381,2172 404,2181 414,2183 433,2179 477,2168 477,2168 477,2168 479,2168 479,2168 479,2168 508,2174 529,2179 785,2160 791,2208 791,2239 705,2244 703,2244 703,2244 703,2244 701,2244 701,2244 701,2244 699,2244 676,2229 655,2244 653,2244 653,2244 653,2244 651,2244 651,2244 651,2246 567,2246 565,2244 565,2244 500,2231 399,2252 399,2252 399,2252 397,2252 397,2252 397,2252 395,2252 395,2252 358,2235 291,2235 167,2260"/>
        <Baseline points="169,2231 200,2229 231,2227 262,2225 293,2224 324,2223 355,2222 387,2221 418,2220 449,2220 480,2220 511,2219 542,2219 573,2218 605,2217 636,2217 667,2216 698,2215 729,2214 760,2212 792,2210"/>
        <TextEquiv>
          <Unicode>¿que hacéis sola en este sitio?</Unicode>
        </TextEquiv>
      </TextLine>

      
      
      <TextLine id="r1l40" >
        <Coords points="186,2271 188,2218 207,2231 305,2231 314,2223 316,2221 316,2218 316,2218 318,2218 318,2218 318,2218 320,2218 320,2218 322,2218 607,2231 609,2269 607,2290 184,2288"/>
        <Baseline points="187,2273 213,2273 240,2273 266,2273 293,2272 319,2272 346,2271 372,2270 399,2270 425,2269 452,2269 478,2268 505,2268 531,2268 558,2269 584,2269 611,2270"/>
        <TextEquiv>
          <Unicode>Y me dijo caballero,</Unicode>
        </TextEquiv>
      </TextLine>

      
    </TextRegion>
    
    <TextRegion id="r2"  custom="structure {type:MainZone;}">
      <Coords points="818,314 853,2266 1517,2266 1517,266 924,307"/>
      
      
      <TextLine id="r2l1" >
        <Coords points="852,372 850,328 1289,328 1293,360 1293,378 852,389"/>
        <Baseline points="853,374 879,374 905,373 931,372 957,372 983,371 1009,371 1035,370 1061,369 1087,368 1113,368 1139,367 1165,366 1191,365 1217,364 1243,364 1269,363 1295,362"/>
        <TextEquiv>
          <Unicode>siéntate y te contaré</Unicode>
        </TextEquiv>
      </TextLine>

      
      
      <TextLine id="r2l2" >
        <Coords points="854,420 850,383 885,370 887,370 887,370 887,370 889,370 889,370 889,370 891,370 921,378 1023,366 1023,366 1025,366 1120,374 1141,374 1149,372 1178,362 1178,362 1180,362 1180,362 1182,362 1182,362 1182,362 1185,362 1185,362 1187,362 1187,362 1197,370 1199,372 1205,370 1239,362 1241,362 1241,362 1243,362 1448,364 1450,408 1450,427 854,433"/>
        <Baseline points="855,421 884,421 914,421 944,420 974,419 1004,419 1034,418 1064,417 1094,416 1124,415 1154,414 1183,414 1213,413 1243,412 1273,412 1303,411 1333,410 1363,410 1393,410 1423,409 1453,409"/>
        <TextEquiv>
          <Unicode>mi tragedia en breve tiempo,</Unicode>
        </TextEquiv>
      </TextLine>

      
      
      <TextLine id="r2l3" >
        <Coords points="860,466 856,429 1469,410 1473,456 1471,468 1222,485 1220,485 1061,483 875,481 864,489"/>
        <Baseline points="862,468 892,468 923,467 954,467 984,466 1015,466 1046,465 1076,465 1107,465 1138,464 1169,464 1199,463 1230,463 1261,462 1291,462 1322,461 1353,460 1383,460 1414,459 1445,458 1476,457"/>
        <TextEquiv>
          <Unicode>porque estás en gran peligro.</Unicode>
        </TextEquiv>
      </TextLine>

      
      
      <TextLine id="r2l4" >
        <Coords points="862,514 858,473 1293,471 1298,508 1296,527 862,531"/>
        <Baseline points="863,516 888,516 914,516 939,516 965,516 991,515 1016,515 1042,514 1068,513 1093,513 1119,512 1145,511 1170,511 1196,510 1222,510 1247,510 1273,510 1299,510"/>
        <TextEquiv>
          <Unicode>Y te digo lo primero,</Unicode>
        </TextEquiv>
      </TextLine>

      
      
      <TextLine id="r2l5" >
        <Coords points="862,563 858,525 1314,508 1319,554 1316,567 862,579"/>
        <Baseline points="863,565 888,565 913,564 939,564 964,563 990,563 1015,562 1041,561 1066,560 1092,560 1117,559 1142,559 1168,558 1193,557 1219,557 1244,556 1270,556 1295,555 1321,555"/>
        <TextEquiv>
          <Unicode>como en Córdoba nací:</Unicode>
        </TextEquiv>
      </TextLine>

      
      
      <TextLine id="r2l6" >
        <Coords points="856,615 852,573 1277,552 1279,552 1279,552 1279,552 1327,561 1363,550 1365,550 1365,550 1365,550 1367,550 1367,550 1438,561 1440,600 1440,617 856,628"/>
        <Baseline points="858,616 887,614 916,613 945,612 974,611 1003,610 1032,609 1062,608 1091,608 1120,607 1149,606 1178,606 1207,605 1236,604 1266,604 1295,603 1324,603 1353,603 1382,602 1411,602 1441,602"/>
        <TextEquiv>
          <Unicode>y es mi Padre un caballero,</Unicode>
        </TextEquiv>
      </TextLine>

      
      
      <TextLine id="r2l7" >
        <Coords points="868,657 864,617 1430,609 1434,648 1432,667 868,676"/>
        <Baseline points="869,659 897,660 925,660 953,660 982,660 1010,660 1038,659 1067,659 1095,658 1123,657 1152,656 1180,655 1208,654 1236,653 1265,652 1293,652 1321,651 1350,650 1378,649 1406,649 1435,649"/>
        <TextEquiv>
          <Unicode>tan noble, pues, que venera</Unicode>
        </TextEquiv>
      </TextLine>

      
      
      <TextLine id="r2l8" >
        <Coords points="870,707 868,659 1080,665 1409,648 1413,697 1411,711 870,722"/>
        <Baseline points="871,708 898,708 925,708 952,708 979,707 1007,707 1034,706 1061,706 1088,705 1115,704 1143,703 1170,702 1197,701 1224,701 1251,700 1279,700 1306,699 1333,699 1360,698 1387,698 1415,699"/>
        <TextEquiv>
          <Unicode>la encomienda de Carrero.</Unicode>
        </TextEquiv>
      </TextLine>

      
      
      <TextLine id="r2l9" >
        <Coords points="864,755 862,709 1197,709 1231,707 1339,697 1342,697 1342,697 1425,707 1427,745 1427,764 864,772"/>
        <Baseline points="866,756 894,756 922,756 950,756 978,756 1006,755 1034,754 1063,754 1091,753 1119,753 1147,751 1175,751 1203,750 1231,749 1260,748 1288,748 1316,747 1344,747 1372,747 1400,747 1429,747"/>
        <TextEquiv>
          <Unicode>Tiene mi Padre una Quinta,</Unicode>
        </TextEquiv>
      </TextLine>

      
      
      <TextLine id="r2l10" >
        <Coords points="866,803 862,766 1404,753 1409,791 1409,808 866,822"/>
        <Baseline points="867,805 894,805 921,805 948,805 975,805 1003,804 1030,804 1057,803 1084,802 1111,801 1139,801 1166,800 1193,799 1220,798 1247,797 1275,796 1302,795 1329,794 1356,794 1383,793 1411,793"/>
        <TextEquiv>
          <Unicode>cuatro leguas poco menos</Unicode>
        </TextEquiv>
      </TextLine>

      
      
      <TextLine id="r2l11" >
        <Coords points="868,851 864,810 1457,793 1461,841 1459,858 868,870"/>
        <Baseline points="869,852 898,853 928,853 958,852 987,852 1017,852 1047,851 1076,850 1106,850 1136,849 1166,848 1195,847 1225,846 1255,845 1284,845 1314,844 1344,843 1373,843 1403,843 1433,843 1463,843"/>
        <TextEquiv>
          <Unicode>de Cordoba, en unos montes,</Unicode>
        </TextEquiv>
      </TextLine>

      
      
      <TextLine id="r2l12" >
        <Coords points="866,904 860,858 1363,854 1367,891 1365,908 887,910 870,923"/>
        <Baseline points="867,905 892,904 917,903 942,902 967,901 992,901 1017,900 1042,899 1067,898 1092,897 1118,896 1143,896 1168,895 1193,894 1218,894 1243,893 1268,893 1293,893 1318,892 1343,892 1369,892"/>
        <TextEquiv>
          <Unicode>y situada en lo espeso,</Unicode>
        </TextEquiv>
      </TextLine>

      
      
      <TextLine id="r2l13" >
        <Coords points="873,950 868,910 1092,906 1115,893 1115,893 1115,893 1118,893 1118,893 1120,893 1120,893 1120,893 1122,893 1155,904 1155,904 1157,904 1187,893 1187,893 1189,893 1189,893 1191,893 1191,893 1264,902 1268,902 1268,902 1279,893 1279,891 1279,891 1281,891 1281,891 1281,891 1283,891 1283,891 1283,891 1285,891 1442,900 1444,939 1442,954 873,971"/>
        <Baseline points="874,951 902,951 931,951 959,950 988,950 1016,949 1045,948 1073,947 1102,946 1130,945 1159,944 1188,943 1216,942 1245,941 1273,940 1302,940 1330,939 1359,939 1387,939 1416,939 1445,940"/>
        <TextEquiv>
          <Unicode>de la gran Sierra—Morena,</Unicode>
        </TextEquiv>
      </TextLine>

      
      
      <TextLine id="r2l14" >
        <Coords points="870,998 866,958 1040,958 1053,950 1067,944 1067,944 1067,944 1069,944 1069,944 1071,944 1071,944 1071,944 1103,950 1128,954 1149,948 1166,942 1166,942 1168,942 1168,942 1170,942 1170,942 1170,942 1193,946 1222,952 1249,944 1266,939 1268,939 1268,939 1268,939 1270,939 1306,942 1373,948 1390,939 1394,937 1394,937 1394,937 1396,937 1396,937 1398,937 1398,937 1398,937 1400,937 1400,937 1400,937 1404,939 1421,948 1469,937 1473,985 1473,998 870,1006"/>
        <Baseline points="871,999 901,998 931,997 961,997 991,996 1022,996 1052,995 1082,994 1112,993 1142,993 1173,992 1203,991 1233,990 1263,989 1293,989 1324,988 1354,988 1384,987 1414,987 1444,987 1475,987"/>
        <TextEquiv>
          <Unicode>que este es mi comun paseo.</Unicode>
        </TextEquiv>
      </TextLine>

      
      
      <TextLine id="r2l15" >
        <Coords points="870,1046 866,998 1394,996 1398,1034 1398,1055 870,1057"/>
        <Baseline points="873,1047 899,1047 925,1046 951,1046 978,1046 1004,1045 1030,1045 1057,1044 1083,1044 1109,1043 1136,1042 1162,1041 1188,1041 1214,1040 1241,1039 1267,1038 1293,1038 1320,1037 1346,1036 1372,1035 1399,1035"/>
        <TextEquiv>
          <Unicode>Saliendo, pues, una tarde</Unicode>
        </TextEquiv>
      </TextLine>

      
      
      <TextLine id="r2l16" >
        <Coords points="870,1094 868,1048 1180,1048 1208,1046 1291,1036 1291,1036 1293,1036 1388,1046 1390,1084 1390,1101 870,1105"/>
        <Baseline points="871,1095 897,1095 923,1094 949,1093 975,1093 1001,1092 1027,1091 1053,1090 1079,1089 1105,1088 1131,1087 1157,1086 1183,1086 1209,1085 1235,1084 1261,1084 1287,1084 1313,1084 1339,1085 1365,1085 1391,1086"/>
        <TextEquiv>
          <Unicode>alegre á tomar el fresco,</Unicode>
        </TextEquiv>
      </TextLine>

      
      
      <TextLine id="r2l17" >
        <Coords points="873,1142 868,1099 1270,1084 1272,1084 1272,1084 1344,1094 1346,1132 1346,1145 873,1151"/>
        <Baseline points="875,1144 901,1143 927,1142 953,1140 979,1140 1006,1139 1032,1137 1058,1137 1084,1136 1111,1135 1137,1134 1163,1134 1189,1134 1215,1133 1242,1133 1268,1133 1294,1133 1320,1133 1347,1133"/>
        <TextEquiv>
          <Unicode>y llevando dos criados,</Unicode>
        </TextEquiv>
      </TextLine>

      
      
      <TextLine id="r2l18" >
        <Coords points="870,1189 868,1138 1398,1140 1400,1180 1398,1193 870,1207"/>
        <Baseline points="873,1191 899,1191 925,1190 952,1190 978,1189 1005,1188 1031,1187 1057,1186 1084,1185 1110,1184 1137,1183 1163,1182 1189,1181 1216,1180 1242,1180 1269,1179 1295,1179 1321,1180 1348,1180 1374,1181 1401,1182"/>
        <TextEquiv>
          <Unicode>llegamos en breve tiempo</Unicode>
        </TextEquiv>
      </TextLine>

      
      
      <TextLine id="r2l19" >
        <Coords points="873,1237 868,1195 1423,1184 1427,1228 1425,1247 873,1251"/>
        <Baseline points="875,1239 902,1239 930,1238 958,1237 985,1237 1013,1236 1041,1235 1068,1234 1096,1234 1124,1233 1152,1232 1179,1231 1207,1230 1235,1230 1262,1229 1290,1229 1318,1229 1345,1229 1373,1229 1401,1229 1429,1230"/>
        <TextEquiv>
          <Unicode>no muy lejos de la Quinta;</Unicode>
        </TextEquiv>
      </TextLine>

      
      
      <TextLine id="r2l20" >
        <Coords points="877,1287 873,1249 1400,1228 1406,1272 1406,1291 877,1295"/>
        <Baseline points="879,1288 905,1288 931,1287 958,1286 984,1285 1011,1284 1037,1284 1063,1283 1090,1282 1116,1282 1143,1281 1169,1280 1195,1279 1222,1279 1248,1278 1275,1277 1301,1277 1327,1276 1354,1275 1380,1275 1407,1274"/>
        <TextEquiv>
          <Unicode>cuando de repente vemos</Unicode>
        </TextEquiv>
      </TextLine>

      
      
      <TextLine id="r2l21" >
        <Coords points="883,1337 879,1291 1467,1279 1471,1320 1469,1337 883,1354"/>
        <Baseline points="884,1338 913,1338 942,1336 972,1336 1001,1335 1031,1334 1060,1333 1089,1332 1119,1331 1148,1330 1178,1329 1207,1328 1236,1327 1266,1326 1295,1325 1325,1325 1354,1324 1383,1323 1413,1323 1442,1322 1472,1322"/>
        <TextEquiv>
          <Unicode>que estaba junto á nosotros</Unicode>
        </TextEquiv>
      </TextLine>

      
      
      <TextLine id="r2l22" >
        <Coords points="887,1381 883,1339 1450,1329 1455,1371 1455,1392 887,1396"/>
        <Baseline points="889,1383 917,1383 945,1383 974,1382 1002,1382 1031,1381 1059,1380 1087,1380 1116,1379 1144,1378 1173,1377 1201,1376 1229,1375 1258,1375 1286,1374 1315,1373 1343,1373 1371,1373 1400,1372 1428,1372 1457,1372"/>
        <TextEquiv>
          <Unicode>un brabo animal sangriento,</Unicode>
        </TextEquiv>
      </TextLine>

      
      
      <TextLine id="r2l23" >
        <Coords points="879,1431 875,1392 1289,1381 1296,1421 1296,1440 879,1446"/>
        <Baseline points="880,1432 906,1432 932,1432 958,1431 984,1431 1010,1430 1036,1430 1062,1429 1088,1429 1114,1428 1140,1428 1166,1427 1192,1426 1218,1426 1244,1425 1270,1424 1297,1423"/>
        <TextEquiv>
          <Unicode>un Oso, cuya cabeza</Unicode>
        </TextEquiv>
      </TextLine>

      
      
      <TextLine id="r2l24" >
        <Coords points="887,1479 883,1440 963,1427 963,1427 965,1427 965,1427 1007,1433 1038,1438 1048,1431 1059,1425 1061,1425 1061,1425 1063,1425 1063,1425 1063,1425 1065,1425 1118,1429 1191,1433 1205,1425 1210,1421 1212,1421 1212,1421 1212,1421 1214,1421 1214,1421 1216,1421 1216,1421 1216,1421 1233,1423 1275,1431 1354,1419 1360,1467 1360,1486 887,1494"/>
        <Baseline points="889,1481 915,1480 941,1480 968,1479 994,1479 1020,1478 1047,1477 1073,1476 1099,1476 1126,1475 1152,1474 1178,1473 1205,1473 1231,1472 1257,1471 1284,1471 1310,1470 1336,1470 1363,1469"/>
        <TextEquiv>
          <Unicode>causaba temor el verlo:</Unicode>
        </TextEquiv>
      </TextLine>

      
      
      <TextLine id="r2l25" >
        <Coords points="887,1528 885,1479 984,1488 1076,1488 1082,1477 1082,1477 1084,1477 1084,1475 1084,1475 1086,1475 1086,1475 1086,1475 1088,1475 1088,1475 1090,1475 1392,1477 1394,1517 1394,1534 887,1546"/>
        <Baseline points="889,1529 914,1529 939,1529 964,1528 990,1528 1015,1527 1040,1527 1066,1526 1091,1525 1116,1524 1142,1523 1167,1523 1192,1522 1217,1522 1243,1521 1268,1520 1293,1520 1319,1519 1344,1519 1369,1519 1395,1518"/>
        <TextEquiv>
          <Unicode>los tres caimos en tierra;</Unicode>
        </TextEquiv>
      </TextLine>

      
      
      <TextLine id="r2l26" >
        <Coords points="917,1576 912,1540 1002,1538 1004,1534 1019,1523 1019,1521 1019,1521 1021,1521 1021,1521 1023,1521 1023,1521 1023,1521 1025,1521 1025,1521 1084,1532 1101,1534 1105,1530 1109,1523 1111,1523 1111,1521 1111,1521 1113,1521 1113,1521 1113,1521 1115,1521 1115,1521 1118,1521 1118,1521 1166,1528 1203,1532 1256,1523 1300,1515 1300,1515 1300,1515 1302,1515 1302,1515 1333,1519 1383,1526 1482,1513 1486,1563 1486,1584 917,1597"/>
        <Baseline points="919,1577 947,1577 975,1576 1004,1576 1032,1575 1061,1575 1089,1574 1117,1573 1146,1572 1174,1571 1203,1570 1231,1569 1259,1568 1288,1567 1316,1567 1345,1566 1373,1565 1401,1564 1430,1564 1458,1564 1487,1564"/>
        <TextEquiv>
          <Unicode>y cuando volví en mi acuerdo</Unicode>
        </TextEquiv>
      </TextLine>

      
      
      <TextLine id="r2l28" >
        <Coords points="889,1624 885,1586 1450,1565 1455,1611 1455,1624 889,1643"/>
        <Baseline points="891,1626 919,1626 947,1626 975,1625 1004,1624 1032,1624 1060,1623 1089,1622 1117,1621 1145,1620 1174,1620 1202,1618 1230,1618 1258,1617 1287,1616 1315,1615 1343,1615 1372,1614 1400,1613 1428,1613 1457,1612"/>
        <TextEquiv>
          <Unicode>me halle en estas espesuras</Unicode>
        </TextEquiv>
      </TextLine>

      
      
      <TextLine id="r2l29" >
        <Coords points="887,1672 883,1628 1396,1616 1400,1660 1400,1676 887,1689"/>
        <Baseline points="889,1674 914,1674 940,1674 965,1674 991,1674 1017,1673 1042,1673 1068,1672 1093,1671 1119,1670 1145,1669 1170,1668 1196,1667 1221,1666 1247,1665 1273,1664 1298,1663 1324,1663 1349,1663 1375,1662 1401,1662"/>
        <TextEquiv>
          <Unicode>sin que tuviese remedio:</Unicode>
        </TextEquiv>
      </TextLine>

      
      
      <TextLine id="r2l30" >
        <Coords points="887,1722 883,1683 1365,1672 1369,1710 1369,1729 887,1741"/>
        <Baseline points="888,1723 913,1723 938,1722 964,1722 989,1722 1015,1721 1040,1721 1065,1720 1091,1719 1116,1718 1142,1718 1167,1717 1193,1716 1218,1715 1243,1714 1269,1714 1294,1713 1320,1712 1345,1711 1371,1711"/>
        <TextEquiv>
          <Unicode>y para que me alimente</Unicode>
        </TextEquiv>
      </TextLine>

      
      
      <TextLine id="r2l31" >
        <Coords points="887,1770 885,1733 958,1733 965,1729 977,1718 979,1718 979,1718 979,1718 981,1718 981,1718 981,1718 984,1718 984,1718 986,1718 1013,1727 1025,1729 1044,1724 1082,1716 1082,1716 1082,1716 1084,1716 1084,1716 1086,1716 1107,1722 1128,1727 1145,1720 1159,1714 1159,1714 1162,1714 1162,1714 1162,1714 1164,1714 1164,1714 1166,1714 1182,1718 1210,1724 1373,1720 1415,1708 1421,1758 1421,1770 887,1783"/>
        <Baseline points="888,1772 914,1771 941,1771 968,1770 995,1769 1021,1769 1048,1768 1075,1767 1102,1767 1128,1766 1155,1766 1182,1765 1209,1764 1235,1764 1262,1763 1289,1762 1316,1761 1342,1761 1369,1760 1396,1759 1423,1759"/>
        <TextEquiv>
          <Unicode>me trae líquidos y tersos</Unicode>
        </TextEquiv>
      </TextLine>

      
      
      <TextLine id="r2l32" >
        <Coords points="891,1819 887,1779 1339,1768 1346,1806 1346,1819 891,1840"/>
        <Baseline points="893,1821 918,1820 943,1819 968,1818 994,1817 1019,1817 1044,1816 1069,1816 1095,1815 1120,1815 1145,1815 1171,1814 1196,1813 1221,1813 1246,1812 1272,1811 1297,1810 1322,1809 1348,1808"/>
        <TextEquiv>
          <Unicode>panales de miel y cera</Unicode>
        </TextEquiv>
      </TextLine>

      
      
      <TextLine id="r2l33" >
        <Coords points="894,1869 889,1827 1390,1814 1394,1854 1394,1867 894,1886"/>
        <Baseline points="895,1871 920,1870 945,1868 970,1867 995,1867 1020,1866 1045,1865 1070,1864 1095,1864 1120,1863 1145,1862 1170,1862 1195,1861 1220,1861 1245,1860 1270,1859 1295,1859 1320,1858 1345,1857 1370,1856 1395,1855"/>
        <TextEquiv>
          <Unicode>y con ellos me alimento.</Unicode>
        </TextEquiv>
      </TextLine>

      
      
      <TextLine id="r2l34" >
        <Coords points="889,1915 887,1871 1281,1871 1430,1856 1434,1904 1434,1921 889,1936"/>
        <Baseline points="891,1916 918,1916 945,1915 972,1915 999,1915 1027,1914 1054,1913 1081,1913 1108,1912 1135,1911 1163,1910 1190,1909 1217,1909 1244,1908 1271,1907 1299,1907 1326,1906 1353,1906 1380,1905 1407,1905 1435,1905"/>
        <TextEquiv>
          <Unicode>Esto es lo que me sucede;</Unicode>
        </TextEquiv>
      </TextLine>

      
      
      <TextLine id="r2l35" >
        <Coords points="894,1965 889,1923 1419,1907 1423,1953 1421,1967 894,1984"/>
        <Baseline points="895,1966 921,1966 947,1965 974,1965 1000,1964 1027,1963 1053,1962 1080,1961 1106,1961 1133,1960 1159,1959 1185,1958 1212,1957 1238,1957 1265,1956 1291,1956 1318,1955 1344,1955 1371,1954 1397,1954 1424,1954"/>
        <TextEquiv>
          <Unicode>y ahora por Dios te ruego</Unicode>
        </TextEquiv>
      </TextLine>

      
      
      <TextLine id="r2l36" >
        <Coords points="902,2013 898,1976 1444,1959 1450,1999 1450,2017 902,2034"/>
        <Baseline points="903,2015 930,2014 957,2014 985,2013 1012,2012 1040,2011 1067,2010 1094,2009 1122,2009 1149,2008 1177,2007 1204,2007 1231,2006 1259,2005 1286,2005 1314,2004 1341,2003 1368,2003 1396,2002 1423,2002 1451,2001"/>
        <TextEquiv>
          <Unicode>que te apártes del peligro,</Unicode>
        </TextEquiv>
      </TextLine>

      
      
      <TextLine id="r2l37" >
        <Coords points="902,2059 898,2022 1480,2007 1484,2047 1482,2070 902,2080"/>
        <Baseline points="904,2061 933,2060 962,2060 991,2059 1020,2059 1049,2058 1078,2058 1107,2057 1136,2056 1165,2056 1195,2055 1224,2055 1253,2054 1282,2053 1311,2052 1340,2052 1369,2051 1398,2050 1427,2049 1456,2049 1486,2048"/>
        <TextEquiv>
          <Unicode>porque si viene el sangriento</Unicode>
        </TextEquiv>
      </TextLine>

      
      
      <TextLine id="r2l38" >
        <Coords points="902,2107 898,2064 1417,2059 1421,2099 1421,2114 902,2120"/>
        <Baseline points="903,2109 929,2109 955,2109 981,2108 1007,2108 1033,2107 1059,2107 1085,2106 1111,2105 1137,2105 1163,2104 1189,2103 1215,2102 1241,2102 1267,2101 1293,2101 1319,2100 1345,2100 1371,2100 1397,2100 1423,2100"/>
        <TextEquiv>
          <Unicode>bruto, y contigo me haya,</Unicode>
        </TextEquiv>
      </TextLine>

      
      
      <TextLine id="r2l39" >
        <Coords points="902,2156 898,2112 1386,2105 1392,2145 1394,2156 1356,2168 1354,2168 1354,2168 1354,2168 902,2170"/>
        <Baseline points="904,2158 929,2157 955,2157 981,2157 1006,2156 1032,2155 1058,2155 1084,2154 1109,2153 1135,2153 1161,2152 1187,2151 1212,2151 1238,2150 1264,2150 1290,2149 1315,2149 1341,2148 1367,2148 1393,2147"/>
        <TextEquiv>
          <Unicode>te dará la muerte luego:</Unicode>
        </TextEquiv>
      </TextLine>

      
      
      <TextLine id="r2l40" >
        <Coords points="904,2202 900,2164 1511,2149 1515,2191 1515,2208 904,2223"/>
        <Baseline points="906,2204 936,2204 967,2204 997,2204 1028,2204 1058,2204 1089,2204 1119,2203 1150,2202 1180,2202 1211,2201 1242,2200 1272,2199 1303,2198 1333,2197 1364,2196 1394,2195 1425,2194 1455,2193 1486,2192 1517,2192"/>
        <TextEquiv>
          <Unicode>vé á mi casa, y á mis Padres</Unicode>
        </TextEquiv>
      </TextLine>

      
      
      <TextLine id="r2l41" >
        <Coords points="898,2252 896,2206 1373,2206 1375,2244 1373,2281 1254,2269 1201,2279 1174,2285 1174,2285 1174,2285 1172,2285 1172,2285 1126,2279 1097,2275 1071,2279 998,2290 998,2290 996,2290 996,2290 996,2290 994,2290 994,2290 994,2290 971,2277 965,2275 898,2275"/>
        <Baseline points="900,2254 925,2255 950,2254 975,2254 1000,2254 1025,2253 1050,2253 1075,2252 1100,2252 1125,2251 1151,2250 1176,2250 1201,2249 1226,2248 1251,2247 1276,2247 1301,2246 1326,2246 1351,2245 1377,2245"/>
        <TextEquiv>
          <Unicode>dá el referido suceso. </Unicode>
        </TextEquiv>
      </TextLine>

      
    </TextRegion>
    

    
  </Page>
</PcGts>
