1737 2508
1293 261 1479 338 Núm. 33.
196 1908 719 1985 Me alegraré, Paco amigo
158 1962 610 2027 te hayes sin novedad,
152 2014 664 2079 en compaña de Antoñilla
158 2064 553 2129 y tu amigo Nicolás.
292 2106 725 2171 Pongo en tu noticia,
298 2156 719 2242 como yo he pensado
1028 1912 1419 1989 tomarte un consejo
1028 1968 1364 2035 el mas acertado,
1030 2014 1413 2085 para que me digas
1028 2071 1371 2133 tu buen parecer.
1026 2115 1438 2188 si he de ser soldado
1026 2163 1285 2246 ó me casaré.
593 1226 1141 1304 CARTA
326 1327 1369 1488 DE PEDRO CHICHON
464 1490 1254 1584 A SU AMIGO PACO GIL.
152 1617 1561 1703 Curiosa sátira en que un amigo le pide á otro su parecer, si debe casarse
152 1686 1557 1751 ó sentar plaza de soldado, manifestando los cuarenta y ocho motivos que
196 1732 1500 1805 tienen los hombres, para casarse, y los treinta y seis para no casarse.
677 1820 1036 1901 PRIMERA PARTE.
