1765 2512
301 226 339 290 4
203 280 661 339 saqué la sinta de seda
200 324 697 383 desdoblela, y un letrero
203 368 686 433 hallé en ella que decia:
200 418 755 485 el que de esta fuere dueño
203 468 726 533 tambien será de Rosaura,
196 514 745 586 esposo, queriendo el cielo.
207 565 747 638 Quedé alegre con mi cínta,
205 623 734 682 y breve á mi casa vuelvo:
205 667 726 730 y montando en un caballo
203 715 672 780 una tarde cuando Febo
203 759 705 828 queria ocultar sus luces,
203 810 787 872 vuelvo á buscar á mi dueño:
198 856 778 921 dile, pues, vista á la Quinta,
200 902 785 973 y alli me estuve encubierto,
196 952 745 1019 hasta que la oscura noche
198 1002 734 1069 tendiera su manto negro,
200 1055 718 1117 A un árbol até el caballo
198 1096 835 1170 por que no anduviera inquieto:
198 1151 736 1216 le eché porcion de cebada
198 1205 697 1262 en la capa y con secreto
198 1245 649 1310 paseè toda la Quinta:
196 1291 711 1364 llegué al referido puesto
198 1341 732 1408 del balcon, hice una seña,
200 1394 646 1459 y la dama con anhelo
194 1438 720 1511 salio al balcón y me dijo:
196 1492 730 1555 Amante y querido dueño,
194 1536 780 1603 conviene de que esta noche
196 1586 789 1655 me saques, porque sé cierto
198 1639 743 1701 de que mi padre me tiene
198 1683 720 1756 prometida á un caballero
198 1731 743 1798 de Madrid, esto no dudes.
200 1785 722 1852 Pero fortuna, ¡qué presto
196 1827 833 1892 me transformaste en tu rueda!
200 1873 891 1974 Fué que un criado á este tiempo
933 280 1509 337 me vido hablar con Rosaura
931 322 1540 387 entró dentro como un trueno,
933 368 1492 439 dandole cuenta á su Padre;
931 427 1417 483 al punto se previnieron
927 466 1520 535 los que estaban en la Quinta,
933 519 1440 579 y yo ignorando el suceso
927 569 1432 632 me dispararon dos tiros,
933 623 1415 682 pero dieron en el suelo
931 665 1400 730 las valas; y yo animoso
927 715 1467 774 me opuse con todos ellos:
929 764 1404 822 dispare tres carabinas,
933 803 1467 872 y á uno quité los alientos,
929 849 1507 923 hiriendo à los dos hermanos
929 904 1446 971 de la dama; y conociendo
931 956 1409 1017 que era cosa imposible
931 1006 1396 1067 en el referido empeño
933 1059 1398 1117 poder sacar á Rosaura,
931 1101 1450 1161 me escapé de todos ellos.
927 1140 1499 1212 Fui donde estaba el caballo,
929 1193 1570 1260 monté en el, y como un trueno
925 1243 1398 1308 á Córdoba dí la vuelta:
927 1293 1480 1362 pero como estaba ardiendo
931 1343 1386 1408 en amores de Rosaura
929 1387 1442 1448 en vivas ansias mi pecho
929 1440 1406 1507 quise volver á buscarla,
933 1490 1390 1555 y desierto me digeron
929 1534 1463 1597 como su Padre, agraviado
931 1586 1339 1647 del referido suceso,
929 1639 1300 1697 una noche la sacó
935 1685 1450 1747 y no saben donde fueron.
927 1727 1417 1791 Del modo que yo quedé
931 1781 1406 1844 considérelo el discreto
933 1821 1427 1894 y en otra segunda parte
935 1877 1402 1942 daré fin á este suceso.
433 2009 1377 2126 Fin de la primera parte.
