1737 2508
271 167 614 244 por ser allí religiosa
273 221 650 288 una dama, cuyo deudo
271 261 618 334 la puso en obligacion
269 305 729 397 de este cuidado: mi pecho,
267 363 587 434 como basilisco, ya
271 407 687 486 trocó la niel en veneno,
259 455 635 522 y pasando despeñado
263 503 679 578 desde él agrado al desco,
263 543 794 633 mónstruo, que de lo imposible
261 601 698 672 se alimenta en vivo fuego,
250 649 712 721 que en la resistencia crece,
261 685 739 775 llama que la aviva el viento;
255 739 601 806 disimulade enemigo
248 787 746 867 que mata á su propio dueño,
252 838 762 915 y en fin, deseo en tun hombre,
246 888 729 963 que sin Dios, y sin respeto
252 930 704 1015 lo abominable, lo horrible
248 982 620 1055 estima por solo serlo,
244 1026 677 1107 me atreyí, Turbado aquí
244 1070 783 1174 (si de esto, señor me acuerdo)
242 1120 583 1191 muda fallece la voz,
244 1172 670 1264 triste desmaya el aliento,
240 1220 599 1285 el corazon á pedazos
238 1270 664 1345 se quiere salir del pecho,
242 1316 788 1406 y como entre obscuras sombras
236 1368 677 1440 se eriza barba, y cabello,
227 1404 664 1488 y yo confuso, y dudoso,
229 1458 675 1548 triste, y absorto no tengo
225 1500 562 1584 ánimo para decirlo,
227 1552 629 1636 y lo tuve para hacerlo,
229 1603 606 1672 tal es mi delito, y tal
229 1642 633 1730 de detestable, y de feo,
227 1690 637 1776 de sacrilego, y profano,
221 1740 677 1824 (harto asi te lo encarezco
221 1793 641 1864 que de haberlo cometido
215 1841 660 1918 alguna vez me arrepianto,
213 1881 710 1970 En fin, me atreví una noche,
213 1935 691 2021 cuando el nocturno silencio
213 1977 614 2056 construia á los mortales
213 2025 681 2108 breves sepulcros del sueño,
215 2073 622 2148 cuando los Cielos tenian
206 2131 604 2194 corrido el obscuro velo
209 2167 662 2248 luto, que ya por la muerte
204 2221 673 2299 del Sol , aspiraba al viento,
202 2276 652 2380 y en sus ezequias las aves
986 190 1473 273 nocturnas, en vez de versos
986 244 1446 321 cantan fúnebres, en ondas
982 286 1408 367 de zafir, con los reflejos
980 332 1398 409 las estrellas daban luces
982 376 1394 455 trémulas al firmamento,
982 424 1406 512 En fin, esta noche entré
976 480 1494 564 por las paredes de un huerto,
976 526 1348 606 de dos amigos valido,
971 576 1364 649 que para tales sucesos
967 622 1404 700 no falta quien acompafie,
974 662 1511 754 y entre el espanto, y el miedo,
976 714 1507 802 pisando en sombras mi muerte,
959 767 1498 848 llegué á la celda (aquí tiemblo
959 817 1444 894 de acordarme) donde estaba
967 869 1446 938 mi parienta, que no quiero,
959 907 1417 988 por si respeto nombrarla,
953 959 1410 1038 ya que no por mi respeto.
957 996 1415 1090 Desmayada á tanto horror,
961 1057 1402 1134 cayó redonda en el suelo,
957 1103 1446 1185 de donde paró á mis brazos,
948 1147 1523 1231 y antes que vuelta en su acuerdo
955 1203 1390 1276 se viese, ya estaba fuera
944 1245 1429 1325 del sagrado, en un desierto
944 1291 1515 1383 á donde aunque de el Cielo pudo
948 1341 1392 1414 valerle, no quiso el Cielo.
948 1385 1377 1469 Las mujeres persuadidas
944 1435 1390 1513 á que son de amor efectos
942 1479 1331 1565 las locuras, fácilmente
944 1538 1379 1605 perdonan, y asi siguiendo
936 1575 1362 1659 al llanto el agrado, halló
928 1628 1364 1707 á sus desdichas consuelo,
932 1674 1450 1766 aunque esias eran tan grandes,
936 1722 1364 1799 que miraba én un sugeto
932 1766 1329 1851 escalamiento, violencia,
934 1816 1379 1901 incesto, estupro, adulterio
928 1866 1417 1952 al mismo Dios, como esposo,
925 1914 1379 1991 y al fin, al fin, sacrilego.
925 1964 1381 2041 Desde allí en efecto en dos
925 2010 1354 2092 caballos, hijos del viento,
919 2058 1318 2131 á la vuelta de Valencia
928 2102 1373 2184 fuimos, á donde fingiendo
921 2156 1396 2234 que era mi mujer, vivimos
917 2204 1406 2286 con poca paz mucho tiempo,
925 2253 1356 2326 porque yo hallándome ya
917 2303 1306 2384 gastado el poco dinero
