1765 2512
305 230 339 288 4
255 272 621 347 quisiera pa tí tené
253 318 726 387 el Potosí en esta mano
263 372 772 443 y too el imperio otomano
263 416 676 491 pa jaserte reina de é,
265 462 741 542 y yo sentarme á sus pié
263 519 768 584 contemplando con sentio,
263 573 669 632 ese cuerpo bendesio
265 611 728 688 y esa cara de amapola,
263 651 791 741 pa endiñarle en la chirola
265 713 669 776 á ese purí de tu tio,
270 755 711 837 yo nasí para quererte,
263 808 674 875 manojo é clavellina,
267 851 734 925 rayo é sol, cara divina,
272 910 772 979 porque lo jiso mi suerte:
270 946 824 1027 manque no quiera tu gente
270 998 795 1071 ese cuerpo ha de ser mio,
278 1048 768 1126 porque me tienes partio;
280 1105 680 1170 deja tu roar la bola
280 1130 839 1220 que le he diñá en la chirola
282 1205 678 1266 á ese purí de tu tio.
280 1237 839 1327 Con que así no tengas pena
284 1293 672 1362 esconchaito de oro,
284 1337 801 1421 que no quiero mas tesoro
291 1385 780 1463 que ver tu cara morena;
284 1436 739 1505 esencia é yerba-buena
282 1486 806 1555 sin tu queré estoy perdio,
297 1540 751 1609 ya verá con qué sentio
293 1572 841 1657 he de armá una carambola
297 1632 820 1712 pa endiñarle en la chirola
293 1680 695 1754 á ese purí de tu tio.
244 1722 787 1806 A. Joseliyo, me has matao
301 1777 816 1850 con los dicho de tu boca,
303 1827 778 1900 de la alegría estoy loca,
303 1884 736 1946 viva tu cuerpo, salao,
305 1919 847 2003 ¿quién me separa é tu lao,
311 1974 852 2051 quién ha é sé Joseliyo mio,
297 2009 921 2122 siendo el dueño é mi albedrio?
973 259 1461 322 dise bien, dale á la bola,
973 290 1492 383 pa endiñarle en la chirola
975 353 1386 420 á ese purí de mi tio.
975 393 1377 473 Pa tí seré yo ná má
977 439 1448 523 por que á tu lao salero
977 489 1455 567 siento yo un jormigaero
984 546 1396 625 y un gustito, puñalá,
973 586 1430 669 si no me pueo esplicá,
988 636 1515 718 que se me guilla el sentio,
984 686 1501 768 con que así moreno, mio,
986 741 1373 814 toma mi alma toda
1153 780 1406 847 Se abrazan.
984 820 1513 912 pa endiñarle en la chirola
990 883 1415 952 á ese puró de mi tio.
1099 925 1473 996 Entra D. Cándído.
950 965 1543 1061 C. ¡Se habrá visto cosa igual!
990 1029 1339 1109 señorita, yo veré
994 1080 1419 1147 si se burla V. de mí.
950 1115 1520 1209 A. Pus no me tengo atrevé!
996 1170 1494 1243 no conose osté mi genio?
996 1226 1448 1295 manque yo nasí mujer
996 1274 1440 1339 en diciendo sí que sí,
998 1318 1534 1396 si supiera que habia é ser
1004 1360 1549 1444 mas prove que son la rata.
963 1410 1423 1494 C. Pus señora, sepa V.
1013 1463 1476 1551 que consentiré primero
1011 1515 1497 1590 que eso llegue á suceder
1009 1559 1547 1634 encerrarla en un convento.
958 1599 1605 1695 A. Mas que me llevosté á Argel
1011 1664 1394 1735 ná le ataja tito mio
1013 1706 1543 1781 á dos que se quieren bien;
1011 1754 1538 1829 la verda, porque el cariño
1017 1808 1434 1875 too lo vence, estasté.
967 1844 1526 1930 C. Uf, me falta la paeiencia
1021 1902 1459 1974 y no sé lo que hacer;
1025 1950 1540 2028 Dios os haga bien casados
1028 1988 1568 2110 y siga siempre ese querer.
910 2110 1017 2185 FIN.
362 2177 1570 2294 CARMONA: Imp. y lib. de D. José M. Moreno, Madre de Dios, 1.
