1737 2508
146 186 624 250 mostrándose mas cruel,
144 240 698 311 mientras mas la laureaban,
144 292 637 372 pero con mayor empeño,
146 359 558 424 entre todos se señala
144 415 606 489 con amorosos estremos
148 468 631 537 un caballero que llaman
146 526 587 597 D. Diego de Peñaloza,
148 591 654 660 y fué cosa, que le agrada
146 641 589 716 á esta copia de belleza
150 700 704 779 pues dejando el ser ingrata
150 764 685 838 correspondió á sus favores,
150 819 652 892 y de secreto se hablaban:
150 873 706 957 y el uno á el otro se dieron
148 934 616 1013 de casamiento palabra,
150 988 591 1063 y estando para pedirla
148 1051 585 1128 á sus Padres lo dilata
146 1105 683 1182 por ciertos inconvenientes,
152 1174 616 1241 y cosas que precisaban,
150 1224 710 1297 á cuyo tiempo otro amante,
150 1283 666 1358 que por esta niña andaba,
150 1337 710 1421 que era D. Martin de Soria,
152 1398 660 1475 caballero de importancia,
154 1460 664 1536 se anticipó, y á su Padre
152 1508 670 1588 se la pidió con mil ansias,
156 1569 658 1651 haciéndole mil promesas,
154 1640 589 1711 y prometiendo dolarla
154 1690 685 1763 en cincuenta mil ducados,
154 1755 710 1824 y otras prendas vinculadas.
154 1805 639 1883 Y discurriendo D. Juan
154 1864 541 1937 seria cosa acertada,
156 1924 652 2000 se la ofreció con testigos
156 1987 581 2060 debajo de su palabra,
158 2054 689 2119 y D. Martin muy contento,
158 2106 693 2175 viendo que sus esperanzas
158 2158 691 2238 llevaban buenos principios
156 2225 574 2294 para lo que deseaba,
156 2276 666 2370 se despidió muy contento
1421 140 1446 211 3
861 169 1392 263 y D. Juan se fué á su casa,
863 236 1369 313 llamó á su hija, y le dijo
861 284 1341 374 con amorosas entrañas:
863 367 1318 428 Has de saber hija mia,
863 418 1304 486 como te tengo tratada
863 470 1321 543 de casar con D. Martin
863 532 1346 601 de Soria, y le tengo dada
863 585 1346 658 la palabra con testigos,
863 643 1467 723 y en ello no ha de haber falta,
865 702 1396 775 mira lo que me respondes,
861 760 1444 842 si es cosa, que á ti le agrada.
863 815 1302 896 Respondió Doña María
867 886 1335 959 resuelta, y determinada
867 932 1375 1009 diciéndole: Señor Padre,
867 999 1427 1076 no importa, que esa palabra
871 1047 1327 1134 (sin saber mi voluntad)
869 1109 1448 1187 no obliga á cumplir en nada,
869 1182 1381 1245 que no siendo yo gustosa,
867 1233 1377 1299 será fuerza quebrantarla.
867 1297 1308 1362 D. Diego de Peñaloza
869 1345 1400 1427 es quien conmigo se casa,
873 1406 1260 1477 y si lo llega á saber
871 1460 1396 1531 lo que con D. Martin pasa,
875 1519 1333 1590 será cosa, que le quite
869 1577 1354 1646 la vida sin mas tardanza,
871 1636 1341 1709 con que asi, para evitar
871 1694 1331 1763 la resulta de esta causa
873 1747 1406 1830 despida usted á D. Martin,
871 1822 1415 1881 antes hoy, que no mañana,
873 1874 1479 1949 que con él no be de casarme,
877 1941 1417 2004 aunque pedazos me hagan.
875 1991 1360 2060 El padre lleno de enojo,
877 2048 1358 2115 encendido en ira y rabia
875 2098 1371 2173 ha dicho: Como traidora,
877 2161 1385 2234 me respondes demasiada?
875 2225 1553 2290 No ves, que ese hombre es pobre?
879 2276 1387 2361 Y ella entonces replicaba:
