1765 2512
776 1940 948 2043 FIN.
177 232 600 293 luego dice la comadre.
902 242 1392 320 y has de tenor entendido,
217 284 626 345 Y si tiene por ventura
900 286 1300 351 pero bastante te digo
173 316 613 383 la parida algún querido
900 334 1365 391 son capaces las mugeres.
171 368 716 431 cuando se marcha el marido
942 378 1411 443 Luego lomas la mantilla
171 414 586 471 viste bien la criatura:
900 412 1321 483 dices que á visitas vas
173 456 607 517 y con pena y amargura
900 464 1398 529 y á donde sueles marchar
169 502 592 554 dice con llanto fingido
898 506 1331 567 donde tienes una silla;
167 537 611 607 llámeme V* á fulaniyo
898 554 1419 613 que siempre está prevenida
167 584 693 651 que á mi niño venga á ver,
898 592 1356 659 para la que quiere usar
169 638 573 694 por si puede conocer
898 636 1354 711 lo que V. puede pensar,
165 674 665 741 si es chiquilla ó chiquillo.
896 686 1494 753 que esas son gatos que aruñan
211 720 674 778 El querido toma el niño
894 722 1394 793 y se agarran con las uñas
167 764 563 826 y le abraza con amor
889 774 1392 839 por las trazas que se dan.
165 808 550 870 y dice válgame Dios
933 810 1352 879 Hay algunas casaditas
163 849 575 910 retrato de tu marido:
891 845 1298 923 de lujo y de vanidad,
159 891 600 960 pero con llanto fingido
891 908 1442 965 que también suelen marchar
161 939 663 1002 responde la ingrata madre
891 948 1327 1019 á cumplir estas visitas;
161 979 636 1044 hijo tuyo es bien lo sabes
889 990 1285 1052 allí se está sentadita
163 1029 630 1090 todo lleno de hermosura
889 1025 1432 1101 brindándose con cualquiera,,
165 1069 559 1130 O! que bella criatura
891 1080 1316 1142 y si este tiene moneda
159 1119 602 1186 todo parece á su padre.
889 1122 1331 1189 lo procuran desplumar,
889 1165 1264 1232 y sin saber navegar
205 1212 661 1264 Son capaces las mugeres
885 1209 1369 1276 paran un vareo á la vela.
159 1251 644 1314 con las trazas que se dan,
931 1253 1423 1316 Hay otras mas tunantonas
152 1291 632 1360 parar un barco á la vela
889 1297 1432 1369 que á tu lado siempre están»
163 1335 594 1406 y amarrar al Capitán.
887 1339 1323 1408 si ven plata que gastar
887 1385 1337 1448 todo se les proporciona:
203 1429 695 1486 No importa que te lo diga
887 1433 1316 1492 ehachito mió, perdona
157 1469 527 1534 para tenerte afición
887 1471 1339 1544 te dice con mucho afan
159 1511 600 1574 si eres mi restauración
889 1517 1243 1584 y luego te dejarán
157 1559 642 1622 prenda del alma querida:
885 1559 1379 1632 cuando no tengas dinero,
154 1601 598 1662 lo que me resta de vida
885 1609 1289 1672 prenden al marinero
154 1647 582 1703 tendré finos pareceres
887 1649 1293 1733 y amarran al Capitán.
157 1687 636 1762 no le afirmo que le fueres
678 2164 1076 2269 CARMONA:— 1855 .
278 2246 1442 2338 Imprenta de D. José María Moreno, Descalzas núm. f.
