1765 2512
154 265 636 337 los que quedaron, huyeron,
161 324 630 378 que el miedo les acobarda;
154 362 590 420 y despaché así á Pelagio,
152 406 571 456 sin que nada le faltára.
165 439 582 498 Y caminando á Morales,
152 477 506 540 puse pública aduana
161 514 592 575 de tabaco, vino y carne,
159 558 575 619 de pólvora y de barajas.
161 596 594 661 A los presos los liberto,
159 644 623 699 y socorro al que me llama.
154 674 544 736 Dígalo la real Sevilla.
167 722 653 774 cuando un jueves de mañana
163 755 634 814 iban á ahorcar á un hombre,
157 795 540 858 y compasivas lloraban
159 826 617 891 dos mujeres en sus calles,
163 870 659 931 les pregunte: qué es la causa
157 910 636 969 de vuestra grande aflicción?
163 952 621 1006 Y al punto me replicaban:
159 990 661 1052 hoy le dan muerte á mi padre,
161 1034 579 1090 quedamos desamparadas;
159 1067 680 1132 porque un hombre mató á otro,
163 1113 575 1170 el agresor se ausentaba,
169 1153 548 1205 y el escribano traidor
171 1201 596 1245 á mi padre se la carga;
167 1230 540 1287 les dije se retirasen,
159 1270 600 1327 y previniendo las armas,
165 1308 638 1369 al punto me fui á la cárcel,
169 1352 609 1406 donde el secretario estaba
173 1389 584 1452 para dar fé y testimonio
175 1436 628 1486 de sus letras mal fundadas;
173 1471 556 1530 y vide sacar al pobre,
169 1503 669 1567 que los padres le auxiliaban,
169 1553 669 1605 caminando hacia el suplicio,
171 1590 615 1649 y llegándome á la escala,
173 1628 533 1685 les hice allí detener,
169 1666 579 1727 y al escribano llamaba:
177 1706 607 1762 ven acá, hombre infeliz,,
177 1741 657 1800 condenado y de mal alma,
177 1785 575 1844 cómo por tu culpa dan
173 1817 707 1877 muerte al que no tiene causa?
180 1863 644 1925 Me respondió: del Consejo
180 1902 586 1961 que tal justicia se haga,
175 1942 535 1997 ha salido decretado.
182 1978 602 2041 Y desnudando la espada,
180 2022 506 2080 la cabeza le corté
186 2061 640 2118 dejando el cuerpo sin alma.
184 2099 523 2160 Pedian favor al Rey
180 2131 659 2198 los soldados de la guardia,
171 2183 579 2239 y brioso con mi acero
188 2221 559 2277 despejé toda la plaza,
186 2254 638 2317 donde hice doce muertes,
188 2294 676 2357 otros las piernas quebradas;
182 2334 711 2401 metí el reo en san Francisco,
184 2386 661 2436 sin que nadie lo estorvara.
885 253 1319 332 Y caminando á mi tierra,
883 311 1262 372 hallé mi casa cercada
883 357 1400 414 de un gran cordon de soldados,
881 397 1325 452 que con órden de la Sala
889 431 1279 491 venian para prenderme,
881 471 1402 533 vivo ó muerto me entregaran;
875 512 1291 573 y viéndome ya perdido,
889 556 1358 609 echando mano á las armas,
889 590 1308 648 los aventé como moscas,
885 634 1308 690 que salen desperdigadas.
879 674 1375 730 A este tiempo en Cataluña,
885 713 1325 766 en su eminente montaña,
883 749 1373 803 andaban cuarenta hombres,
887 793 1287 847 que robaban y mataban
885 835 1266 885 á todos los pasageros,
885 860 1371 925 y á muchos pueblos asaltan.
900 906 1270 967 Tenían órden del rey,
887 944 1369 1006 que aquel término cercaran,
889 981 1350 1050 y prendiéndoles, en horcas
887 1027 1333 1084 pongan en públicas plazas;
896 1073 1285 1126 y el señor gobernador
891 1103 1312 1163 no pudo adelantar nada.
885 1142 1354 1203 porque los dichos ladrones
894 1189 1291 1243 alguna gente le matan.
894 1230 1296 1283 A la ciudad se volvió,
894 1258 1402 1318 y al punto escribió una carta,
889 1304 1386 1358 dando parte á don Rodulfo,
891 1341 1316 1396 diciéndole que esperaba,
900 1383 1270 1436 no se dilate en venir,
902 1421 1310 1477 que le dá firme palabra
898 1459 1379 1515 de ser su padrino en todo.
900 1498 1363 1563 Y sin temer mi desgracia,
902 1549 1264 1597 en un ligero caballo,
902 1584 1296 1636 cual águila que volaba,
902 1607 1396 1674 llegué á los montes de Berga,
896 1657 1373 1722 y el marqués de Huelva pasa
902 1703 1398 1754 con su esposa y sus dos hijas,
902 1735 1296 1796 mayordomo y criadas:
906 1783 1308 1835 salieron ocho ladrones,
904 1821 1316 1877 y á todos los maniatan:
902 1848 1360 1913 quieren violar la marquesa,
902 1896 1377 1957 y aquellas doncellas castas,
902 1938 1358 1986 en presencia del marqués:
912 1974 1377 2030 por socorro al cielo claman.
908 2001 1442 2076 Fui corriendo á estos lamentos:
906 2055 1375 2116 y antes que á ellos llegára,
902 2097 1229 2154 me salen á recibir
906 2137 1316 2193 con escopetas cargadas,
908 2166 1365 2227 diciendo: quien viene allá?
914 2210 1383 2269 Les dí la respuesta en balas;
910 2252 1371 2308 de los ocho maté á cinco,
912 2300 1348 2350 y los otros tres con álas,
917 2327 1306 2390 fiados en sus caballos,
906 2373 1308 2440 y con fuga apresurada,
