1765 2512
182 138 221 209 4
464 2233 1180 2346 FIN DE LA PRIMERA PARTE.
843 177 1404 249 Hombre, le dijo; de donde
102 196 546 257 estaba, que la ventana
837 232 1344 301 hubiste á tus manos esto
98 249 519 309 caía al sitio derecho,
106 297 590 362 con el Retrato que trajo
835 278 1245 353 que Retrato mió es?
843 337 1369 408 Y el dijo: Donoso cuento!
102 341 778 424 de ella hablaba amante, y tierno.
839 395 1381 464 No vé, que es una Santica
104 401 554 475 y en la razón conoció,
839 439 1465 519 muy linda, y á lo que entiendo
98 458 502 521 que seria Caballero.
837 491 1275 569 es Santa Marina esta?
102 510 598 579 Mas al lin como curiosa,
100 558 623 630 muger al lin, al momento
831 544 1363 617 que viene con embelecos?
104 604 674 684 bajó al Jardin¡ (¡que delirio!)
839 607 1430 669 Duquesa, este es mi Retrato:
837 651 1448 720 Princesa no hay duda en ello.
104 676 623 732 contra su decoro honesto,
108 715 605 787 sin duda á su precipicio,
839 701 1432 778 Hombre, quién te lo dió á tí?
100 766 579 841 con tan raro desacierto,
839 749 1396 831 Quien? Me costó mi dinero,
100 822 611 887 se despeña otro Faetorite
841 812 1396 881 Este Retrato lias de darme;
100 879 619 948 en ansias tantas ardiendo.
843 864 1321 933 si se lo daré por cierto,
841 910 1363 990 si ella otra prenda me dá.
100 935 638 998 Quien á Principes bizarros
98 979 575 1055 uo estima, ahora vemos
841 973 1346 1038 Pues como así, desatento
839 1017 1342 1092 hablas conmigo? No vés,
102 1029 609 1109 (quizá de Dios castigada)
102 1084 634 1151 humillada á un Jardinero.
837 1078 1373 1145 que soy, ignorante, ciego,
102 1140 577 1209 Viola venir, y á su lado
841 1130 1360 1199 Princesa de Dinamarca?
106 1193 621 1268 la Duquesa, mas él luego
843 1184 1507 1249 Pues, qué se me dá á mi de eso?
102 1245 556 1312 se fingió loco, por ver
839 1232 1304 1304 Vaya con su Prineeria,
106 1295 623 1366 lo que resulta de aquesto.
841 1285 1434 1369 y hágale muy buen provecho.
108 1350 676 1419 Las dos llegaron á hablarle,
841 1337 1363 1408 Mas al lin, por alcahuetas
843 1392 1444 1471 hay maldades, y asi fué esto;
110 1398 602 1475 y el dijo: Ola, qué veo?
106 1454 628 1519 Son ellas las Principónos?
837 1442 1379 1513 que fué causa la Duquesa,
106 1509 646 1570 O quién? Válgalas el Cielo.
837 1496 1375 1567 haciendo burla, en efecto,
106 1557 594 1626 Confusa quedó Rosaura;
843 1546 1413 1622 de que una prenda le diese,
102 1611 732 1687 juzgó, que hubiese á Jo menos
837 1603 1396 1683 quedó abrasada á su fuego,
827 1664 1300 1733 • confusa, y enamorada,
106 1664 617 1733 mas. capaz alma en aquel
104 1718 527 1787 tan peregrino sujeto,
837 1703 1406 1775 que en mugeres es defecto,
106 1770 619 1842 Fu lin, por ver el retrato
841 1760 1247 1831 inclinarse á lo peor,
115 1819 619 1888 le dijo: A ver Caballero,
841 1802 1406 1888 y en ellas esto no es nuevo.
841 1869 1371 1934 El príncipe de esta suerte
100 1863 678 1942 qué es esto? Y él dijo: Qué?
106 1923 657 1992 Cria. Santa, no está viendo?
839 1911 1404 1990 quedó alentado, y contento.
115 1976 655 2051 Mostróle el Retrato, y ella
839 1965 1419 2036 Donde á esta primera parle,
102 2041 602 2097 se admiró toda de verlo;
841 2022 1346 2091 noble Auditorio discreto,
845 2078 1358 2147 Manuel Martin le dá lin,
106 2087 596 2160 pues era la misma copia
106 2137 598 2206 de su original tan bello.
843 2122 1312 2206 y la segunda comienzo,
