1737 2508
1216 169 1471 250 (Nûmero 78.)
543 213 1183 300 GRISELDA Y GUALTERO.
344 1260 1413 1391 NUEVA RELACION
658 1588 1095 1674 PRIMERA PARTE.
177 1417 1573 1490 de la peregrina historia de esta pastor cilla, y de como el marqués Guallero
221 1463 1530 1527 trató su casamiento cotí ella, y salió el mas singular egemplo de la
242 1504 1504 1582 obediencia que deben tener las muyeres casadas á sus maridos.
225 1703 666 1757 Atiéndame el auditorio
181 1740 744 1805 mientras con dulces palabras
181 1791 604 1851 y muy suaves acentos,
181 1828 670 1893 aquesta historia se canta.
183 1876 647 1937 Préstenme todos silencio
181 1918 635 1981 con venevolencia grata,
177 1964 639 2031 para poder comprender
186 2012 635 2069 lo que mi lengua relata.
186 2054 727 2119 Atiéndanme; pero es fuerza,
181 2090 846 2161 que en cualquier obra que se haga
186 2144 775 2211 80 ponga un buen fundamento,
188 2188 641 2250 para que salga acertada.
192 2238 731 2290 Y asi el auxilio imploremos
192 2276 624 2334 de la Virgen soberana,
192 2324 762 2384 que con tan luciente Estrella,
194 2365 802 2436 mi musa, aunque muy turbada
900 1701 1335 1759 cobrando aliento, dará
898 1738 1442 1805 principio á esta historia rara.
896 1784 1406 1849 Hubo de sangre muy noble-
896 1826 1467 1895 un gran marqués en la Italia,
905 1874 1398 1935 dueño de muchos lugares,
900 1924 1402 1981 que Gualtero se llamaba,
902 1964 1356 2025 en su trato muy afable,
905 2006 1404 2069 y de condición muy llana.
907 2052 1404 2117 Era el tal marqués soltero
909 2090 1325 2165 y aficionado á la caza,
909 2135 1385 2198 de tal modo, que por ella
913 2181 1333 2244 toda diversión dejaba.
909 2238 1339 2290 En esto se enlretenia,
911 2269 1385 2342 y por vivir á sus anchas,
913 2313 1346 2378 no deliberó el casarse.
913 2363 1362 2426 Pero como de tan clara
