1688 2408
198 80 224 142 6
102 130 543 194 y su padre la buscaba
100 182 555 248 todo lleno de zozobras,
98 232 658 311 y no pudiendo encontrarla,
98 294 561 365 á si mismo se desdora,
96 351 559 423 reconocíendo su yerro,
100 419 584 483 y á veces un puñal loma
98 465 535 541 para quitarse la vida,
96 527 559 599 sin tener misericordia;
96 581 586 656 pero le detiene el brazo
96 644 561 716 la pasion mas amorosa
96 700 584 774 de su hija, que la siente
98 752 682 840 mas que á su misma persona,
98 812 559 894 y vivo puede buscarla,
96 876 640 953 lo que muerto no era cosa.
96 949 632 1013 Y asi que amaneció el dia,
96 989 634 1061 de nuevo á buscarla torna:
96 1047 570 1123 pero no la pudo hallar,
92 1113 662 1185 por mas que con cuidadosas
100 1169 537 1242 diligencias registraba
94 1236 584 1302 las mas ocultas alcobas,
98 1288 537 1358 y perdida la paciencia
100 1344 561 1420 y las esperanzas todas,
98 1406 489 1468 á su casa se volvió,
98 1456 636 1537 y á su muy querida esposa
98 1517 453 1581 llorando le refirió
94 1581 566 1651 su desgracia lastimosa,
96 1631 612 1707 la cual anegada en llanto,
96 1685 632 1767 fueron tantas las congojas,
98 1751 533 1822 las angustias y fatigas
98 1816 590 1880 de aquella noble Señora,
94 1866 730 1944 que no hay lengua que las diga,
98 1930 662 2000 pues confunden la memoria;
98 1996 608 2054 y sin detenerse un punto
96 2044 614 2113 convocan luego á la hora
98 2100 718 2181 veinte hombres que la busquen
100 2161 584 2231 con prontitud presurosa,
100 2225 537 2319 con ellos va D. Martin
816 134 1384 202 por cabo de aquella escolta,
816 180 1318 254 D. Juan de Lara llorando
818 236 1278 313 su pérdida tan notoria.
820 309 1280 373 Pero asi como salieron,
820 369 1256 433 Doña Maria su esposa,
822 417 1332 487 para escribirle á D. Diego
820 475 1282 551 tomó discreta una hoja
820 529 1332 610 de un llano y terso papel,
822 589 1304 664 y de esta suerte lo nota;
818 646 1384 714 Sabrá usted muy Señor mio
818 696 1258 784 D. Diego de Peñaloza,
820 766 1310 830 como en mi casa sucede
822 816 1314 903 la desgracia mas penosa,
818 888 1407 957 que se ha oido, ni se ha visto
818 937 1328 1011 en cuanto el orbe corona.
818 1001 1286 1073 Y fué el caso sucedido,
820 1051 1378 1125 que ayer D. Martin de Soria,
818 1111 1222 1177 á mi marido pidióle
820 1181 1290 1248 ámi hija por su esposa,
818 1230 1304 1300 y sin saber su dictámen,
818 1282 1358 1366 se la ofreció, y ella airosa,
820 1356 1378 1428 por reservar vuestro amor,
824 1410 1334 1478 y vuestra voluntad propia
820 1464 1242 1533 contradijo la palabra
822 1519 1334 1593 de su Padre y con furiosa
822 1587 1115 1649 osadia la llevó
818 1651 1360 1711 á unos montes, y con sogas
818 1693 1162 1767 amarrada la dejó
814 1757 1284 1828 por una amenaza sola.
820 1820 1382 1892 Y cuando volvió á buscarla,
822 1868 1358 1952 no la halló (¡terrible cosa!)
820 1934 1336 2002 ya discurro, que sin duda
822 2000 1364 2062 fieras del monte aulladoras
822 2048 1330 2119 le habrán quitado la vida
822 2107 1268 2185 V. merced la socorra,
822 2179 1258 2245 y do su parte procure
820 2229 1374 2335 buscarla, pues que le toca.
