1765 2512
362 219 389 261 2
242 242 791 301 Cuando el Rey en sí hubo vuelto,
965 232 1365 303 se amancillará tu fama,
244 286 707 343 dijo, ardiendo en viva rabia:
977 284 1316 343 y por alcoranas leyes
242 324 609 383 iodos los A bencerrages
975 320 1404 380 tienes de morir quemada;
244 357 707 431 hoy han de morir, y manda
977 366 1379 416 treinta dias hay de plazo.
977 399 1394 458 Ella sin turbarse en nada,
242 410 667 460 que los llamen unoá uno,
979 445 1436 496 mirando á un lado y á otro,
242 447 623 506 y con este ardid y traza
244 479 695 546 degolló hasta treinta y seis:
977 481 1415 535 como que se hallaba salva,
979 521 1438 577 viendo que los circunstantes
244 525 579 584 y con lodos acabara,
247 569 619 623 á no revelarlo un page.
981 561 1381 615 muy mesurados estaban,
242 607 575 659 Alborotóse Granada,
979 594 1386 653 tuvo por cierta evidencia
247 646 648 699 dividida toda en bandos,
977 640 1442 694 lo que discurrió ser chanza.
979 678 1325 734 Y dijo muy animosa,
247 684 676 743 y á gran desdichas llegara,
244 722 626 780 si el muy valeroso Muza
981 720 1331 770 con gallardía bizarra:
244 764 559 816 todo no lo sosegara.
977 759 1402 812 cualquier Caballero Moro,
244 799 799 860 Mandó el Rey llamar los Grandes,
979 797 1528 858 que en mi honor ha puesto tacha,
977 839 1383 891 miente traidor y villano;
244 843 636 904 y juntos en la real sala,
247 879 680 937 salió el Rey todo enlutado,
977 877 1400 933 y aqui ahora sin tardanza
977 910 1358 973 pónganme la acusación
247 925 617 983 y les propúsola causa:
981 956 1434 1011 tan sin fundamento y falsa,
242 960 680 1017 que eran los Abencerrages
242 1002 676 1052 traidores, pues intentaban
977 998 1329 1052 que yo confio en Alá,
977 1032 1476 1090 queme lia de sacar en palmas.
244 1038 665 1096 quitarle el reino y la vida;
979 1067 1398 1128 Y guardando ceremonias,
244 1078 617 1138 y que la Reina trataba
977 1107 1386 1170 los traidores se leventan,
244 1119 669 1174 con Albín líamete amores,
247 1157 678 1214 habiendo dentro en la sala
979 1153 1329 1214 y ponen en acusación
984 1199 1444 1249 con todas las circunstancias.
249 1201 636 1256 cuatro testigos de vista,
981 1232 1363 1287 La triste Reina afligida
247 1239 672 1291 que unánimes declaraban.
981 1272 1360 1329 se despoja de sus galas,
247 1274 630 1335 Levantóse allí, diciendo
249 1318 642 1375 un Amoradien voz alta:
986 1308 1375 1369 y en la torre de Gomares
986 1352 1400 1404 mandó el Rey asegurarla,
249 1358 665 1410 es la Reina muy honesta,
984 1385 1417 1446 con la orden muy espresa,
249 1396 682 1456 y en ella no cabe mancha,
984 1429 1325 1486 que no fuera visitada
249 1442 676 1496 y esos caballeros mienten,
981 1475 1363 1523 de nadie, sino de Muza
247 1477 713 1534 y lo mantendré en campaña,
977 1503 1369 1563 por ser de su confianza.
249 1517 693 1570 ijijo aqui el discreto Muza:
983 1553 1388 1601 De sus damas se despide,
247 1551 726 1613 lo que importa es el llamarla
984 1582 1411 1645 llevándose en su compaña
249 1599 674 1649 aquí a presencia de todos,
984 1626 1390 1683 tan solo la mas querida,
251 1634 623 1695 y la acusación se haga.
249 1674 716 1729 Vino con pompa y grandeza,
986 1660 1499 1720 que era la hermosa Esperanza.
986 1701 1383 1760 En tan amargo conflicto
249 1714 684 1766 con sus doncellas y damas.
986 1743 1346 1802 tal vez ya desesperada
251 1756 688 1808 Dijo Muza; Reina hermosa,
251 1785 716 1848 sabrás, como aquí en la sala
979 1779 1390 1842 quería abrirse las venas,
251 1831 672 1888 hay Caballeros que ponen
979 1819 1381 1888 porque no se les logrará
984 1860 1427 1919 el ver su muerte afrentosa.
251 1875 705 1927 dolo en tu honor y tu fama,
981 1904 1409 1957 Y animando la Esperanza,
251 1909 644 1971 y que ton Albín líamete
981 1938 1365 1999 le dijo: sabrás, señora,
255 1950 690 2007 e y conyugal quebrantas,
247 1994 592 2049 Este juicio se remite
977 1971 1448 2041 que yo conozco en mi patria
981 2015 1329 2078 un famoso Caballero,
249 2028 655 2084 al tribunal de las armas:
247 2072 724 2126 cuatro son los que te acusan,
979 2061 1497 2124 que don Juan Chacón se llama,
249 2112 665 2168 otros cuatro por tí salgan
986 2099 1409 2156 y sé que si de él te vales;
986 2135 1438 2193 libre ha de quedar tu fama.
278 2147 636 2206 defender lo contrario,
988 2183 1423 2233 La Reina lomó el consejo,
249 2187 657 2248 y si vence su arrogancia,
251 2231 690 2281 tu honor queda acrisolado;
984 2214 1469 2277 y al punto escribió una carta,
984 2254 1413 2317 diciendo: señor don Juan,
249 2267 659 2323 mas si queda la campaña
984 2292 1344 2369 á quien realza la fama
247 2302 732 2371 por los cuatro que le acusan,
