1765 2512
305 242 328 293 2
247 265 667 341 que causa tanto ruio;
249 318 611 385 en avillando parné
242 366 619 441 sacrifica una mugé
251 422 789 479 man que sea con un judio:
253 466 661 535 ¿no dá míeo, puñalá,
255 519 814 579 hasta el pensarlo? me jundo,
259 567 757 625 estando José en el mundo
247 615 718 676 pa él seré yo y na mas.
255 659 682 726 Es la fija, como Dios;
249 713 690 778 y si mi tio se emperra
259 753 776 824 mas bien le jago la guerra
255 810 726 877 y á Roma se va por too.
381 856 707 918 Sale D. Cándido.
217 902 711 965 C. Qué alegria, sobrinita,
261 939 875 1015 sé que acaba de llegar D. Cárlos.
219 990 883 1078 A. Y quién le ha mandao que venga?
263 1048 686 1119 pues lo gracioso será
270 1099 774 1161 cuando tenga que najarse
272 1149 571 1216 como ha venio.
217 1193 586 1256 C. Se verá.
219 1226 705 1314 A. Pero señó qué apretá;
267 1283 803 1362 ¿tengo yo el pesqui perdio?
263 1337 659 1406 A dónde voy á pará
272 1383 816 1452 con un hombre é cartulina,
276 1438 699 1503 teniendo, jui, puñalá,
265 1482 711 1549 el rey de la andalucia,
274 1528 868 1607 con mas fuego que un volcan,
276 1586 676 1649 un moso sin buleria,
278 1626 839 1703 que por aonde quiera que vá
278 1680 768 1741 va derramando la gracia,
278 1731 751 1800 y es el moso mas juncá
282 1775 688 1846 que la peorosa mano
284 1829 720 1892 de un divé puo formá,
276 1875 776 1944 y ese ha de ser mi mario.
238 1921 672 1990 C. No señora, no será:
282 1971 778 2036 serà su esposo D. Cárlos;
280 2013 684 2084 tu boda se arreglará
282 2070 686 2128 en el dia de mañana.
408 2114 602 2179 Sale José.
236 2160 793 2239 J. Señó beso á V. las mano:
274 2206 810 2296 supe que estaba osté malo
954 274 1354 326 y me pareció rigulá
954 311 1360 372 el jaserle una visita.
912 347 1480 416 C. Gracias, se puede marchar
956 410 1417 462 y no volver á esta casa.
917 447 1430 517 J. Está muy bien, se jará;
965 496 1398 567 pero antes ascuchosté
969 544 1377 617 lo que le voy á jablá
965 590 1469 665 ya que osté sa franqueao,
969 642 1415 718 tengo mi cuenta ajustá
967 688 1524 759 pa casarme con mi Antonia,
963 747 1480 810 y eso no lo ha de estorbar
965 787 1513 856 ni tampoco el súsum-corda,
971 835 1524 910 está osté? por que está chalá
969 891 1390 958 po esta persona, si no
973 935 1476 1000 que lo diga, que ahí está:
975 992 1427 1052 en aquerando que no...
973 1042 1377 1101 dílo tú, boca é corá.
923 1073 1501 1151 A. Tres vese he dicho que si
969 1132 1444 1203 y dos vese están demás:
979 1184 1459 1241 soy reina por la palabra.
925 1222 1352 1299 J. Cómo tenia é faltá!
977 1274 1461 1343 lo estasté oyendo, Jesús,
977 1320 1434 1387 si la chavea me quiere
986 1371 1375 1442 lo pueo yo remediá?
931 1417 1584 1486 C. Ya le he dicho que se marche
979 1469 1409 1542 por que sino, voy á...
937 1513 1568 1586 J. Pero señó, en qué quedamos?
942 1567 1421 1634 C. Que se retire le digo,
986 1620 1415 1685 si no quiere dar lugar
986 1662 1488 1729 que lo eche á puntillones.
942 1718 1444 1779 J. Pues me gusta la toná,
990 1754 1482 1827 conque á puntillones, hé?
984 1808 1465 1886 porque me quiero casar
996 1852 1540 1932 con mi Antonia, bien, señó,
986 1907 1352 1980 yo le juro que será
996 1950 1488 2026 quierasté ó no mi mujer;
996 2003 1520 2072 adios, mosqueta temprana.
952 2057 1513 2124 A. Adios, José, que soy tuya
994 2103 1369 2174 hasta el juicio finá.
1191 2151 1371 2218 Váse José.
948 2193 1616 2285 C. Vaya, que no conoce la educacion.
