1737 2508
1264 112 1544 200 (Número 207.)
545 188 1287 340 DECIMAS.
248 369 1613 478 Chasco sucedido en la Ciudad de Valen
344 453 1513 549 cia con un matrimonio, manifestan¬
392 524 1456 610 do las cuestiones que han tenido
756 597 1099 687 dos amigos.
273 731 693 790 Con una mujer bonita
229 764 831 842 tiene un hombre un mayorazgo,
227 819 762 879 sin mas trabajo que hacerse
229 856 675 925 un poco el disimulado.
280 953 691 1015 Yo nací desventurado
236 994 733 1057 de la pobreza en el seno,
238 1034 771 1103 mas como lo malo y bueno
240 1086 779 1143 está en el mundo mezclado,
240 1120 733 1187 la fortuna me lia obligado
1001 729 1438 792 Mas ya que pobre nací,
957 769 1354 831 aprovechó la ocasión
959 810 1444 879 que no és fuerza de razón
961 856 1452 930 quererme yo propio á mí:
963 900 1465 965 la honra en el dia es en sí
967 950 1402 1011 un titulo muy gastado:
969 994 1314 1053 y yo vivo reposado
967 1032 1346 1101 logro comer y beber
969 1076 1419 1141 sin otra cosa que hacer
971 1124 1402 1185 un poco el disimulado.
244 1172 721 1231 de una manera esquisita:
244 1210 754 1279 como ella da, y ella quita,
1026 1212 1477 1268 Cuando pare una mujer
246 1258 731 1318 me legó á mi la pobreza;
976 1254 1417 1312 luego dice la Comadre,
978 1295 1471 1360 si es chiquilla ó chiquillo
246 1302 721 1368 pero me dió mas riqueza
250 1352 677 1404 con una muger bonita.
982 1343 1436 1408 lodo parece á su Padre.
298 1394 808 1452 Dirán los hombres que soy
252 1427 737 1496 nacido en signo cabruno,
1026 1435 1442 1488 A darle la enorabuena
257 1479 731 1542 Capricornio, todo es uno,
984 1469 1436 1538 parten todos los amigos
259 1519 731 1588 mas yo voy á lo que voy;
986 1525 1383 1580 las vecinas y vecinos
257 1567 710 1634 porque en el dia de hoy
990 1563 1467 1623 diciendo de esta manera:
261 1605 735 1669 no sudar es un hallazgo;
992 1607 1475 1672 luego entra otra salamera
261 1646 842 1713 mi casa es como un portazgo;
990 1649 1553 1715 disponiendo que han de hacer
263 1697 871 1763 paga todo el que entra en ella;
994 1697 1408 1755 y la Comadre también
265 1745 719 1805 si con una muger bella
994 1738 1392 1801 habla mil majaderías
267 1789 863 1847 tiene un hombre un mayorazgo.
997 1784 1387 1843 en fin todo es alegria
311 1832 834 1893 Cualquiera que haya nacido
999 1824 1458 1891 cuando pare una mujer.
271 1876 693 1931 de la fortuna mimado,
1047 1868 1550 1933 Luego vienen los padrinos
273 1918 729 1985 no apetecerá mi estado:
1003 1908 1344 1975 á visitar la parida
269 1954 825 2021 esto es muy cierto y sabido:
1009 1958 1387 2023 allá va comadre mia
271 2006 802 2071 también yo hubiera querido
1005 2004 1490 2069 por la salud de este niño:
273 2044 654 2106 en tal estado nacer;
1005 2052 1527 2108 si es pobre brinda con vino
273 2096 681 2152 en él se ve establecer
1001 2085 1502 2152 que es licor mas agradabl
278 2133 725 2200 la suerte mas venturosa
1011 2135 1477 2198 y para que mas se alabe,
282 2186 735 2240 de una prole numerosa,
1011 2177 1387 2240 entre fiesta crecida
282 2225 783 2326 sin mas trabajo que hacer.
1011 2223 1458 2290 que cara mas parecida
