1847 2473
356 125 838 154 procura tomar venganza
360 127 865 195 ella de los dos hermanos.
356 187 841 245 Al fin, una cierta noche,
364 232 816 294 con un ànimo gallardo,
356 276 838 342 á la hora que el silencio
360 327 853 395 permite estén sosegando,
364 377 894 443 se pone un calzon de ante,
362 424 803 492 jubon, y cofeto largo,
366 480 871 541 media blanca y alpargate,
360 513 919 589 su capa y sombrero blanco.
354 568 894 634 Tomando broquel y espada
364 620 923 682 fué al parage acostumbrado,
366 667 869 731 donde sabia que estaban:
366 713 894 783 llegò, y asi les ha hablado
360 762 849 836 picaros, viles, traidores,
366 805 944 886 que vilmente habeis obrado,
373 867 997 937 en darle muerte á aquel mozo,
368 917 923 980 mas yo á la venganza salgo,
371 964 884 1032 y vengo porque me toca;
371 1015 799 1073 ahora vereís villanos,
371 1055 861 1121 si aqui la razon me vale,
375 1106 828 1172 la vereis en este brazo.
368 1152 946 1222 Echando mano á su estoque,
379 1209 869 1269 ellos tombien arrancaron
366 1252 874 1318 sus espadas, mas á pocos
366 1296 861 1366 movimientos (caso raro!)
377 1356 904 1417 dio al mayor una estocada,
381 1401 944 1475 que el corazon le ha pasado,
377 1448 874 1520 y al otro por la garganta
371 1485 944 1572 diò de forma, que quedaron
377 1547 820 1611 difuntos ambos á dos,
379 1584 894 1677 y ella fué paso entre paso
389 1636 781 1708 á su casa, y recogió
387 1683 886 1759 lo de mas valor, y dando
379 1735 834 1811 á su fortuna principio,
385 1782 857 1858 á Molviedro caminando,
387 1838 822 1902 á las cinco de la tarde
389 1879 882 1963 llegò, y estaban jugando
391 1933 820 1996 en la calle á la pelota
389 1974 884 2046 cuatro guapos alentados:
387 2021 977 2112 pasó, y no quitò el sombrero;
383 2081 859 2151 y ellos del caso picados
389 2122 956 2268 le digeron que era un chulo,
1090 84 1548 142 y todos se alborotaron,
1088 115 1640 185 metiendo mano á su espada,
1092 160 1710 234 les dió que hacer un buen rato
1094 220 1653 286 donde alli mató un Alcalde,
1092 265 1636 335 á un cochero, y un lacallo:
1094 321 1593 381 cuatro quedaron heridos,
1096 362 1632 436 y por ser tantos contrarios,
1088 418 1622 480 se escapó como ella pudo;
1098 463 1609 531 mas fué á uña de caballo.
1104 517 1609 577 Al vergose aquella noche
1094 568 1556 628 en una casa de campo.
1104 616 1475 680 A Alicante caminó,
1102 665 1583 725 donde posada buscando,
1106 704 1607 774 entró en ella una mañana
1104 737 1686 824 donde estuvo el breve espacio
1100 801 1568 869 de cuatro dias cabales;
1104 855 1653 919 cuando una noche cenando,
1111 902 1570 966 llegaron dos Catalanes,
1113 952 1583 1020 junto á ella se sentaron,
1098 997 1523 1071 y al instante conociò
1113 1046 1661 1114 que eran valientes lagartos.
1106 1096 1593 1168 Les dijo si eran servidos
1102 1137 1680 1222 de cenar, con que aceptaron.
1111 1195 1618 1263 comieron de lo que habia,
1109 1246 1612 1312 y uno fué desvergonzado
1115 1294 1593 1360 con la huespeda de casa;
1113 1333 1647 1411 con que les dijo: Paisanos,
1111 1389 1618 1461 poco á poco en el hablar,
1121 1415 1799 1520 porque aunque no está aquí el amo:
1121 1492 1620 1553 bastará que esté yo aquí,
1125 1529 1665 1607 para que se haga mas caso.
1135 1578 1583 1654 Uno de ellos respondió
1125 1621 1632 1698 con muy grande desacato:
1123 1685 1628 1745 cogió el plato de la masa,
1127 1722 1665 1807 y se lo metió en los cascos.
1119 1784 1535 1846 Al otro con una daga
1121 1813 1657 1898 tres puñaladas le ha dado,
1127 1873 1783 1963 conque ambos á dos fueron.
1125 1928 1781 2003 á cenar al otro barrio....
1125 1968 1781 2054 De alli pasó á Zaragoza,
1113 2021 1568 2093 y andandose paseando
1113 2054 1698 2151 por la Cruz del Coso un dia,
1125 2118 1558 2254 estaba un Napolitano
