1737 2508
1176 246 1463 334 Núm. 69.
533 1258 1224 1419 EL VALIENTE
378 1450 1392 1669 ENAMORAO.
265 1878 700 1960 Señores, es tontería,
215 1920 733 2021 no hay un mozo como yó
221 1987 631 2077 pa toa la Andalucia.
221 2037 725 2125 Si una mosa me quisiera
225 2092 733 2175 lo mesmo que quiero yo,
223 2154 643 2225 la ponia junto al sor
229 2192 760 2284 pa que nadie la ofendiera.
240 2246 800 2347 Y al hombre que la mirara.
932 1830 1475 1937 pa que no la golviera á vé,
923 1903 1356 1987 le ponia aquí la nué
934 1952 1440 2033 y en el pescueso la cara.
938 1995 1440 2090 Me ajogue sino es verdá,
928 2052 1396 2142 si es una mugé María;
938 2102 1458 2204 la quiero con mas trabajo
938 2167 1417 2255 que pasa un escarabajo
946 2221 1383 2315 con la pelota que lia.
