1737 2508
225 284 840 351 quiero la hereden los sastres,
957 296 1454 359 porque la codicia infame
223 330 804 397 porque sus desastres quiero.
951 334 1565 411 me ha traído á este despecho.
221 374 710 440 También á los tejedores
951 395 1496 461 No seré solo en el mundo,
221 432 859 495 con trama y urdiembre premio,
951 436 1596 512 que por quien soy Ies prometo,
219 470 836 545 que yo, mas que de tramarlas,
948 482 1527 549 que ciegos me han de seguir
219 518 698 587 supe derramar enredos.
948 530 1509 599 millares de entrega y beso.
219 576 687 633 La horma de mi zapato
946 585 1433 652 Asi obrarán los Judillas,
217 620 785 685 se entregue á los zaapteros.
946 629 1628 704 que han de ir mis pasos siguiendo,
221 670 894 741 que aunque tiene veinte puntos,
944 672 1367 744 que por el vil interés
217 712 673 777 es el punto para ellos.
944 731 1488 790 venderán su padre mesmo.
215 767 708 829 Cuatro cordeles breados
944 769 1523 840 Tendré en el infierno ancho
215 802 785 884 mando luego á los logreros,
944 815 1477 888 seno con Luzbel soberbio,
213 861 758 925 que valiendo poco el trigo,
942 869 1479 936 para que quepan los Judas
211 900 758 978 mueran sin decir el credo.
942 925 1479 988 que producirá mi ejemplo.
209 959 725 1026 Los mercaderes estudien,
940 971 1490 1038 A los que dan los caudales
209 1001 808 1074 y aprendan con mis consejos,
940 1013 1375 1080 á los marítimos leños
209 1055 815 1122 que estrechando las medidas,
938 1059 1444 1132 sin ser poeta les mando,
209 1095 854 1166 les vendrá el abismo estrecho.
940 1111 1538 1180 que mueran haciendo versos.
204 1141 721 1214 Fúndense cien Paralvillos
938 1166 1519 1228 Que los que fian la hacienda
204 1193 733 1264 en Judéa y demas reinos,
938 1208 1488 1274 al mar, al agua y al viento,
204 1249 827 1310 que del cuerpo de mi hacienda
936 1254 1479 1327 ó mueran pobres en suma,
202 1289 723 1360 saldrán infinitos cuerpos.
936 1299 1467 1375 ó mueran como yo muero.
204 1333 652 1408 Producirá tanto Judas
936 1358 1352 1417 Dejo mis habilidades
202 1379 652 1458 este Sahuco perverso,
934 1398 1369 1469 á todos I03 figoneros,
202 1435 756 1504 que no bastaran mil horcas
932 1450 1515 1523 aunque es ocioso enseñarlos,
202 1485 752 1550 para estirar sus pescuezos.
932 1496 1492 1565 que ya son gastos profesos.
202 1536 827 1607 Ksta hacienda dejo al mundo,
934 1550 1542 1617 Cien gruesas de naipes falsos
202 1586 859 1657 que después que yo sea muerto,
932 1588 1362 1655 reparto á los gaiteros
200 1630 714 1701 cada piedra sea un Judas,
930 1644 1496 1707 que los fulleros los buscan,
198 1672 693 1745 cada pared sea un beso,
932 1697 1546 1759 y se entienden bien con ellos.
196 1720 848 1805 cada amistad treinta embustes,
930 1745 1415 1803 A los peregrinos mando
196 1776 762 1847 como en mí treinta dineros.
928 1782 1444 1855 diez calabazs, y advierto,
196 1824 624 1895 A mi maestro vendí,
930 1841 1396 1901 que no la lleven vacias
200 1874 785 1945 gran maldad! yo lo confieso,
925 1876 1521 1945 hasta que se hallan repletos.
198 1916 654 1987 como vi la paga al ojo,
925 1926 1402 1989 Unos anteojos sin lunas
196 1964 771 2035 no reparé en cumplimientos.
923 1981 1542 2052 dejo á un tuerto por derecho;
194 2025 643 2081 Pero luego enfurecido
925 2025 1477 2094 y á un corcobado un jubón
192 2056 737 2135 arrojé el dinero al templo,
923 2081 1398 2138 estofado con pimientos.
192 2117 750 2181 por que para tan gran culpa
921 2129 1515 2198 ¥ pues no tengo mas bienes,
194 2163 792 2236 fué muy pequeño el cohecho.
921 2169 1494 2242 que los que aquí manifiesto,
192 2202 645 2278 Nólanme de codicioso,
923 2215 1433 2284 mando mi malas medidas
190 2307 647 2334 y tienen razón en eso,
921 2273 1377 2351 á todos los taberneros.
