1217 1760
485 151 516 200 6
161 193 980 252 Pues qué habéis hecho en toda vuestra vida?
161 237 396 290 Yo os juro:::
73 280 496 338 2. A vuestros pies::::
20 327 521 379 Alc. Ni aun á mis patas.
161 372 918 422 Qué enfecultad es hacer dos garrapatas?
67 413 625 466 2. Yo aprenderé al instante.
23 457 396 516 Alc. Bien lo dora.
160 506 858 563 Aprended, y volved dentro una hora.
67 547 302 602 2. Ya voy.
24 588 438 646 Alc. Pero aguardad.
68 632 500 686 2. Hay otra historia?
26 680 725 739 Alc. Que rae leais esta requisitoria.
71 726 471 775 2. Tampoco sé leer.
23 772 453 824 Alc. Ay tal desgarro!
155 814 949 871 vení acá con mas barbas que un zamarro,
158 855 874 915 no leereis esta letra ( que os desvela? )
157 899 814 962 que la leen los niños de la escuela!
64 944 532 997 2. Y no la leereis vos?
24 991 413 1048 Alc. Si yo supiera,
155 1038 783 1094 no le mandára á él que la leyera.
54 1076 789 1136 2. Si de los dos no sabe leer alguno,
158 1126 650 1180 qué os admirais que yo::::
24 1170 450 1229 Alc. Y es todo uno?
143 1205 899 1262 No es harta habilidad, que sin malicia,
142 1252 807 1305 sepa, sin estudiallo, hacer justicia?
58 1300 848 1364 2. No me hace fuerza nada de todo eso.
19 1339 322 1399 Alc. Alguacil?
23 1386 515 1441 Sale Muger. Qué mandais?
19 1434 437 1490 Llevadle preso.
22 1476 685 1535 A quien preso he de llevar,
157 1518 509 1579 Alcaldiritillo bello?
19 1567 679 1625 Ay señores, qué he mirado!
155 1614 359 1669 Quien sois?
19 1652 485 1711 Mug. Soy el embeleso,
149 1699 610 1755 soya la alegria el bullicio.
