1765 2512
186 303 785 380 mas majito, que la muerte,
180 372 814 437 aunque algo flaco de corbas,
186 414 751 477 era en tiempo de la Feria
184 466 736 531 de aquella dulce paloma,
188 521 693 588 con cuyo gran regocijo
184 571 743 642 se celebra á esta Señora:
188 621 801 701 lleguè, y recéle á la Virgen,
188 678 686 749 no sin alguna zozobra,
186 736 651 795 porque los ojos traia,
175 791 791 847 como un Aguacil de Moscas,
188 837 778 910 por ver aquellas Madamas,
188 900 799 965 que entran, y salen briosas:
184 952 726 1011 yo no puedo remediarlo,
177 996 778 1069 la inclinación me trastorna,
177 1042 669 1117 de lo cual pido perdon
171 1099 705 1174 á aquella divina Aurora,
182 1153 718 1224 y me pesa el no mirarla
180 1216 720 1274 con el respeto que toca.
180 1256 693 1325 EN fin yo salí Señores,
175 1318 728 1383 con el juicio, como vola,
180 1377 697 1427 solo puesto mi conato,
173 1415 780 1475 en mirar á unas, y á otras.
173 1467 778 1532 Arrímeme hacia las tiendas
180 1519 724 1590 haciendo la moscardona,
175 1582 770 1645 muchos compañeros tengo,
173 1620 841 1697 que hacen la misma madroña:
188 1678 720 1741 Vamos á ver la Carrera,
177 1731 820 1808 y es solo á hacer carantoñas:
177 1785 730 1848 á una, le decia un dicho,
175 1835 789 1911 á otra que va muy garvosa,
169 1888 699 1961 y que si gustan de algo,
180 1940 674 2013 esto se lo dije à pocas,
175 1994 636 2070 que iba la faltiquera
173 2049 699 2120 de dinero muy angosta,
163 2101 732 2174 y si alguna me aceptaba,
163 2158 755 2218 me quedaba, como mona,
161 2206 797 2294 que no llevaba mas cuartos,
923 303 1522 378 que los cuarto, mi persona.
917 357 1450 422 Yo me harté de bobear,
919 412 1467 483 y me salí por la Almona,
914 471 1532 535 y hacia el Molino de Martos
914 517 1398 588 encaminé mi persona,
910 569 1379 640 al salir por el Molino
917 621 1610 697 me he encontrado con dos Diosas
917 686 1501 747 dos Madamas, de chupete,
917 728 1473 793 de aquello de toda moda,
919 778 1381 856 y se me iban los ojos
919 843 1492 902 por decirle cualquier cosa:
914 885 1494 956 por fin, les dije, Madamas,
912 948 1377 1004 si pudiere mi persona
912 994 1427 1052 serviros en algun modo
914 1040 1469 1109 lo haré con el alma toda:
914 1096 1438 1172 me responde, Caballero,
906 1153 1469 1214 usted venga con nosotras,
919 1199 1503 1270 porque nos viene siguiendo
910 1256 1605 1331 un hombre,que es nstra. sombra,
908 1304 1520 1379 y si vuestro pecho es noble
910 1366 1430 1423 se ha de conocer ahora
912 1410 1469 1477 en servirnos de compaña,
912 1467 1584 1540 hasta, que en casa nos pongas
910 1519 1526 1593 yo viendome en tal empeño,
906 1567 1507 1641 les respondi de esta forma:
906 1616 1501 1701 Señoras no solo un hombre;
910 1685 1415 1743 pero si cuarenta ahora
912 1733 1517 1796 vinieran, no eran bastantes,
914 1791 1440 1854 para vencer mi persona:
904 1842 1379 1904 entonces arrebozado,
908 1894 1423 1957 puse la Capa tan fosca,
914 1944 1522 2011 el brazo, de asa de Cantaro,
914 2003 1457 2061 el pecho, como una bota,
904 2055 1440 2118 echando mil gargajazos,
906 2097 1584 2177 y mas fuerte, que una estopa;
906 2151 1473 2223 las conocí yo al instante,
906 2202 1457 2304 y por eso echaba roncas,
