1765 2512
816 249 841 316 8
108 314 531 378 una gala de la reina
115 353 634 429 para que fuese adornada.
108 410 577 473 Al soldado puso el rey
115 456 575 519 Toison y llave dorada,
115 496 602 575 y un baston de general,
110 552 623 623 y que se sentasen manda.
108 598 628 663 Cubrió con unas cortinas
108 651 559 713 de tela muy realzada
108 697 586 768 sus personas y dispuso
115 738 653 812 que al napolitano traigan.
106 797 594 864 El rey dice: ea, amigo,
119 835 709 912 ya el pájaro está en la jáula;
117 889 623 956 ya está preso el agresor,
113 939 688 1002 la sentencia ha de ser dada
119 979 713 1052 entre los dos ¿qué os parece?
115 1032 642 1103 ¿ha de ser hoy ó mañana?
115 1078 634 1145 Respondió el napolitano:
117 1128 741 1195 si á mi gusto ha de ser dada,
115 1180 592 1243 como parezca mi hija,
119 1220 753 1299 que no se le agravie en nada.
125 1272 730 1348 ¿Qué, á tu enemigo perdonas?
119 1318 716 1389 Sí, Señor, porque me agrada
115 1371 638 1444 aquel arte y compostura,
123 1419 592 1492 y disposicion gallarda.
123 1465 745 1538 Corrió el rey las dos cortinas,
125 1515 665 1590 y de esta suerte le habla:
125 1561 741 1630 aquí está el grande don Juan,
841 309 1344 366 mira aquí tu hija amada.
843 347 1333 412 Levanta, gallardo jóven,
845 397 1457 464 tres veces grande de España
841 450 1279 510 caballero del Toison,
841 489 1302 558 señor de llave dorada;
843 544 1321 604 fiel defensor de la vida
837 586 1442 655 del gran rey de las Españas.
839 634 1371 705 Levanta, señor de Illescas
841 682 1373 751 y de todas sus comarcas.
841 734 1291 801 Ea, buen napolitano,
847 780 1377 849 ya la sentencia está dada;
839 837 1398 895 idos en paz, y de Himenéo
852 885 1354 948 goceis delicias sobradas.
850 933 1331 992 Besaron al rey la mano
850 977 1425 1042 por mercedes tan colmadas.
850 1023 1363 1092 Los títulos le entregaron
847 1073 1325 1140 en que hoy autorizada
841 1117 1337 1184 se vé la: casa del dicho,
854 1168 1360 1232 en Illescas la nombrada.
847 1218 1285 1283 Gozoso el napolitano
850 1266 1388 1331 se ausentó para su pátria,
847 1314 1402 1377 á vender toda su hacienda,
854 1364 1388 1423 y luego venirse á España.
858 1410 1321 1471 Y Pedro Salvador pide
852 1459 1312 1521 al áuditorio las faltas
854 1503 1413 1574 perdone, si es que las hay
852 1553 1381 1620 en la historia declarada.
745 1911 942 2057 FIN.
613 2208 1065 2304 CARMONA. 1859.
236 2279 1448 2375 Imprenta de D. José M. Moreno, calle Juan de la Cabra.
