<?xml version="1.0" encoding="UTF-8"  standalone="yes"?>
<PcGts xmlns="http://schema.primaresearch.org/PAGE/gts/pagecontent/2019-07-15" xmlns:xsi="http://www.w3.org/2001/XMLSchema-instance" xsi:schemaLocation="http://schema.primaresearch.org/PAGE/gts/pagecontent/2019-07-15 http://schema.primaresearch.org/PAGE/gts/pagecontent/2019-07-15/pagecontent.xsd">
  <Metadata>
	<Creator>escriptorium</Creator>
	<Created>2021-12-11T11:57:59.185744+00:00</Created>
        <LastChange>2021-12-11T11:57:59.185783+00:00</LastChange>

  </Metadata>
  <Page imageFilename="Moreno_078_3.jpg" imageWidth="1737" imageHeight="2508">

    
    <TextRegion id="r1"  custom="structure {type:MainZone;}">
      <Coords points="80,224 109,1967 114,2306 796,2280 758,199"/>
      
      
      <TextLine id="r1l1" >
        <Coords points="125,282 121,246 650,242 654,275 652,292 125,307"/>
        <Baseline points="127,284 153,284 179,284 206,284 232,284 259,284 285,283 311,283 338,282 364,282 391,281 417,281 443,280 470,280 496,279 523,279 549,278 575,278 602,278 628,277 655,277"/>
        <TextEquiv>
          <Unicode>A. Miosté, tio, elante é mí</Unicode>
        </TextEquiv>
      </TextLine>

      
      
      <TextLine id="r1l2" >
        <Coords points="177,330 173,292 499,280 501,280 501,280 518,280 589,288 643,277 647,323 647,346 177,349"/>
        <Baseline points="178,332 204,332 230,331 256,331 282,331 308,330 334,330 360,330 386,330 413,329 439,329 465,329 491,328 517,328 543,328 569,327 595,327 621,326 648,326"/>
        <TextEquiv>
          <Unicode>no quiero que jable osté</Unicode>
        </TextEquiv>
      </TextLine>

      
      
      <TextLine id="r1l3" >
        <Coords points="181,380 179,338 650,340 652,376 650,392 181,397"/>
        <Baseline points="182,382 208,381 234,380 260,379 286,379 312,378 339,378 365,377 391,377 417,376 443,376 469,376 496,376 522,376 548,376 574,376 600,377 626,377 653,378"/>
        <TextEquiv>
          <Unicode>malamente de ese moso,</Unicode>
        </TextEquiv>
      </TextLine>

      
      
      <TextLine id="r1l4" >
        <Coords points="183,428 179,390 599,378 604,422 601,445 183,451"/>
        <Baseline points="184,430 210,430 236,429 262,429 289,429 315,428 341,428 368,427 394,426 420,426 447,425 473,425 499,424 526,424 552,424 578,424 605,423"/>
        <TextEquiv>
          <Unicode>que vale mas mi José</Unicode>
        </TextEquiv>
      </TextLine>

      
      
      <TextLine id="r1l5" >
        <Coords points="179,478 175,436 721,430 725,470 723,497 177,495"/>
        <Baseline points="180,480 207,479 234,479 261,478 289,477 316,476 343,476 371,475 398,475 425,475 453,474 480,474 507,474 534,473 562,473 589,473 616,473 644,473 671,473 698,472 726,472"/>
        <TextEquiv>
          <Unicode>que toos los hombres nacíos</Unicode>
        </TextEquiv>
      </TextLine>

      
      
      <TextLine id="r1l6" >
        <Coords points="181,528 177,486 675,478 679,520 677,545 181,545"/>
        <Baseline points="183,529 209,528 235,527 261,526 287,526 314,525 340,525 366,524 392,524 418,523 445,523 471,522 497,522 523,522 549,522 576,522 602,522 628,522 654,522 681,521"/>
        <TextEquiv>
          <Unicode>que nascan y puean nasé.</Unicode>
        </TextEquiv>
      </TextLine>

      
      
      <TextLine id="r1l7" >
        <Coords points="183,574 181,532 742,535 744,570 744,589 183,589"/>
        <Baseline points="184,576 211,576 238,575 266,575 293,574 320,574 348,573 375,573 402,572 430,572 457,572 484,571 512,571 539,570 566,570 594,570 621,570 648,569 676,569 703,569 746,571"/>
        <TextEquiv>
          <Unicode>Con que sierrosté el piquito,</Unicode>
        </TextEquiv>
      </TextLine>

      
      
      <TextLine id="r1l8" >
        <Coords points="186,624 183,576 712,581 714,618 714,635 186,647"/>
        <Baseline points="188,626 214,625 240,624 266,624 292,623 318,623 344,622 371,622 397,621 423,621 449,620 475,620 501,620 527,619 554,619 580,619 606,619 632,619 658,619 684,619 716,620"/>
        <TextEquiv>
          <Unicode>que mas se aelanta, estasté,</Unicode>
        </TextEquiv>
      </TextLine>

      
      
      <TextLine id="r1l9" >
        <Coords points="186,672 183,631 606,631 608,666 606,691 186,695"/>
        <Baseline points="188,674 214,673 240,673 267,673 293,672 319,671 346,671 372,670 399,669 425,669 451,668 478,668 504,667 530,667 557,667 583,667 610,667"/>
        <TextEquiv>
          <Unicode>con una gota é jarabe</Unicode>
        </TextEquiv>
      </TextLine>

      
      
      <TextLine id="r1l10" >
        <Coords points="186,721 181,681 675,677 679,714 679,739 572,744 570,744 570,744 568,744 568,744 560,741 537,731 512,741 505,744 505,744 503,744 503,744 501,744 183,741"/>
        <Baseline points="188,722 213,722 238,721 264,721 289,721 314,720 340,720 365,720 390,719 416,719 441,718 467,718 492,717 517,717 543,717 568,716 593,716 619,716 644,716 681,715"/>
        <TextEquiv>
          <Unicode>que con una arroba é jié:</Unicode>
        </TextEquiv>
      </TextLine>

      
      
      <TextLine id="r1l11" >
        <Coords points="183,767 179,731 574,729 579,764 576,783 183,794"/>
        <Baseline points="186,769 212,770 238,770 264,771 290,771 317,770 343,770 369,769 395,769 421,768 448,767 474,766 500,765 526,765 552,765 579,765"/>
        <TextEquiv>
          <Unicode>y nasí para quererlo</Unicode>
        </TextEquiv>
      </TextLine>

      
      
      <TextLine id="r1l12" >
        <Coords points="183,817 179,777 595,775 599,810 604,823 583,838 581,838 581,838 581,838 579,838 579,838 579,838 453,842 451,842 181,829"/>
        <Baseline points="184,818 210,818 236,818 262,818 288,818 314,817 340,817 366,816 392,816 418,815 444,815 470,814 496,814 522,814 548,813 574,813 601,813"/>
        <TextEquiv>
          <Unicode>y lo tengo que querè</Unicode>
        </TextEquiv>
      </TextLine>

      
      
      <TextLine id="r1l13" >
        <Coords points="188,867 183,821 656,819 660,861 658,888 188,888"/>
        <Baseline points="190,868 216,868 242,867 268,867 294,867 320,866 347,866 373,865 399,865 425,864 451,864 477,863 504,863 530,862 556,862 582,862 608,862 634,862 661,862"/>
        <TextEquiv>
          <Unicode>hasta que me quee pelá.</Unicode>
        </TextEquiv>
      </TextLine>

      
      
      <TextLine id="r1l15" >
        <Coords points="137,915 135,869 568,875 635,858 637,858 637,858 639,858 639,858 639,858 641,858 641,858 641,858 670,875 691,854 691,852 691,852 691,852 693,852 693,852 693,852 696,852 696,852 698,852 765,852 767,907 767,927 137,927"/>
        <Baseline points="139,917 165,917 191,917 218,916 244,916 271,915 297,915 324,915 350,914 377,913 403,913 429,913 456,912 482,912 509,911 535,911 562,910 588,910 615,910 641,909 769,909"/>
        <TextEquiv>
          <Unicode>C. Pero si es un tuno, no lo vés?</Unicode>
        </TextEquiv>
      </TextLine>

      
      
      <TextLine id="r1l16" >
        <Coords points="190,963 188,915 645,919 647,957 645,971 190,982"/>
        <Baseline points="192,965 217,965 242,964 268,964 293,964 318,963 344,963 369,962 395,962 420,962 445,961 471,961 496,961 522,960 547,960 572,960 598,959 623,959 649,959"/>
        <TextEquiv>
          <Unicode>don Cárlos te hará feliz,</Unicode>
        </TextEquiv>
      </TextLine>

      
      
      <TextLine id="r1l17" >
        <Coords points="190,1011 186,973 754,961 758,1005 756,1036 633,1026 190,1038"/>
        <Baseline points="192,1013 220,1013 248,1013 277,1013 305,1013 334,1012 362,1012 390,1011 419,1011 447,1010 476,1009 504,1009 532,1008 561,1008 589,1007 618,1007 646,1006 674,1006 703,1006 731,1006 760,1006"/>
        <TextEquiv>
          <Unicode>pues además de tener riqueza</Unicode>
        </TextEquiv>
      </TextLine>

      
      
      <TextLine id="r1l18" >
        <Coords points="190,1059 186,1022 660,1017 664,1053 660,1076 188,1074"/>
        <Baseline points="191,1061 217,1061 243,1060 270,1060 296,1060 322,1060 349,1059 375,1059 401,1059 428,1058 454,1058 480,1057 507,1057 533,1057 559,1056 586,1056 612,1055 638,1055 665,1055"/>
        <TextEquiv>
          <Unicode>es muy fino y representa</Unicode>
        </TextEquiv>
      </TextLine>

      
      
      <TextLine id="r1l19" >
        <Coords points="186,1107 183,1059 666,1067 668,1105 664,1128 183,1126"/>
        <Baseline points="187,1109 212,1109 237,1110 263,1110 288,1110 314,1110 339,1109 364,1109 390,1109 415,1108 441,1108 466,1107 492,1107 517,1106 542,1106 568,1106 593,1105 619,1105 644,1105 670,1106"/>
        <TextEquiv>
          <Unicode>buen papel en la ciudad.</Unicode>
        </TextEquiv>
      </TextLine>

      
      
      <TextLine id="r1l20" >
        <Coords points="140,1159 137,1107 395,1118 432,1113 495,1103 495,1103 497,1103 497,1103 497,1103 499,1103 499,1103 499,1103 501,1103 501,1103 501,1105 512,1113 512,1116 512,1113 530,1105 530,1105 530,1105 533,1105 533,1105 533,1105 535,1105 535,1105 537,1105 537,1105 537,1105 558,1116 558,1153 556,1176 137,1172"/>
        <Baseline points="141,1161 167,1161 193,1160 219,1159 245,1159 271,1158 297,1157 323,1156 350,1156 376,1156 402,1155 428,1155 454,1155 480,1155 506,1155 532,1155 559,1155"/>
        <TextEquiv>
          <Unicode>A. Válgame un divé,</Unicode>
        </TextEquiv>
      </TextLine>

      
      
      <TextLine id="r1l21" >
        <Coords points="192,1208 188,1166 679,1162 683,1201 683,1224 192,1231"/>
        <Baseline points="193,1210 218,1210 244,1209 270,1209 296,1208 322,1207 348,1207 374,1206 400,1205 426,1204 451,1204 477,1203 503,1202 529,1202 555,1202 581,1202 607,1202 633,1202 659,1202 685,1203"/>
        <TextEquiv>
          <Unicode>paqué quiero esa riqueza,</Unicode>
        </TextEquiv>
      </TextLine>

      
      
      <TextLine id="r1l22" >
        <Coords points="194,1256 190,1218 656,1208 660,1249 658,1262 194,1274"/>
        <Baseline points="196,1258 221,1257 247,1257 273,1256 299,1256 325,1255 351,1255 377,1254 403,1254 429,1253 454,1253 480,1253 506,1252 532,1252 558,1251 584,1251 610,1251 636,1250 662,1250"/>
        <TextEquiv>
          <Unicode>que se las guarde pa él:</Unicode>
        </TextEquiv>
      </TextLine>

      
      
      <TextLine id="r1l23" >
        <Coords points="188,1302 183,1264 712,1256 716,1297 712,1322 457,1314 438,1325 436,1325 436,1325 436,1325 434,1325 434,1325 434,1325 432,1325 428,1325 215,1316 190,1327"/>
        <Baseline points="189,1303 215,1303 241,1303 268,1303 294,1303 321,1303 347,1303 374,1302 400,1302 427,1302 453,1301 479,1301 506,1300 532,1300 559,1299 585,1299 612,1299 638,1298 665,1298 691,1298 718,1298"/>
        <TextEquiv>
          <Unicode>yo quiero merá de hambre</Unicode>
        </TextEquiv>
      </TextLine>

      
      
      <TextLine id="r1l24" >
        <Coords points="190,1352 186,1314 564,1308 570,1345 566,1368 188,1366"/>
        <Baseline points="191,1353 216,1353 241,1352 267,1352 292,1352 317,1351 343,1351 368,1351 393,1350 419,1350 444,1350 469,1350 495,1349 520,1349 545,1349 571,1348"/>
        <TextEquiv>
          <Unicode>al lado de mi José:</Unicode>
        </TextEquiv>
      </TextLine>

      
      
      <TextLine id="r1l25" >
        <Coords points="196,1400 192,1364 725,1358 729,1394 727,1419 196,1421"/>
        <Baseline points="198,1401 224,1401 251,1401 277,1401 304,1401 331,1401 357,1400 384,1400 410,1399 437,1399 464,1398 490,1398 517,1397 543,1397 570,1396 597,1396 623,1396 650,1395 676,1395 703,1396 730,1396"/>
        <TextEquiv>
          <Unicode>que cuando dos se camelan</Unicode>
        </TextEquiv>
      </TextLine>

      
      
      <TextLine id="r1l26" >
        <Coords points="194,1448 192,1404 677,1408 679,1444 677,1467 192,1463"/>
        <Baseline points="195,1449 220,1449 246,1449 271,1449 297,1449 322,1449 348,1448 374,1448 399,1448 425,1447 450,1447 476,1447 501,1446 527,1446 553,1446 578,1446 604,1446 629,1446 655,1446 681,1446"/>
        <TextEquiv>
          <Unicode>aunque no avillen parné,</Unicode>
        </TextEquiv>
      </TextLine>

      
      
      <TextLine id="r1l27" >
        <Coords points="194,1496 190,1456 668,1452 673,1492 670,1517 192,1511"/>
        <Baseline points="196,1498 221,1497 246,1497 271,1497 296,1497 322,1497 347,1497 372,1496 397,1496 422,1496 448,1496 473,1495 498,1495 523,1495 548,1495 574,1494 599,1494 624,1494 649,1494 675,1493"/>
        <TextEquiv>
          <Unicode>no se acuerdan en la via</Unicode>
        </TextEquiv>
      </TextLine>

      
      
      <TextLine id="r1l28" >
        <Coords points="198,1544 196,1496 597,1504 599,1542 597,1559 198,1567"/>
        <Baseline points="200,1546 225,1546 250,1547 275,1546 300,1546 325,1546 350,1546 375,1545 400,1545 425,1544 450,1544 475,1543 500,1543 525,1543 550,1543 575,1543 601,1543"/>
        <TextEquiv>
          <Unicode>de comé ni de bebé,</Unicode>
        </TextEquiv>
      </TextLine>

      
      
      <TextLine id="r1l29" >
        <Coords points="194,1594 190,1554 608,1552 612,1592 610,1611 194,1613"/>
        <Baseline points="195,1595 221,1595 247,1595 273,1595 299,1594 325,1594 351,1593 377,1593 404,1592 430,1592 456,1592 482,1591 508,1591 534,1591 560,1591 586,1592 613,1593"/>
        <TextEquiv>
          <Unicode>ni tienen caló ni frio,</Unicode>
        </TextEquiv>
      </TextLine>

      
      
      <TextLine id="r1l30" >
        <Coords points="202,1642 198,1603 756,1600 760,1638 758,1665 202,1669"/>
        <Baseline points="203,1643 232,1643 261,1643 291,1643 320,1643 350,1643 379,1642 408,1642 438,1642 467,1641 497,1641 526,1640 556,1640 585,1640 614,1640 644,1639 673,1639 703,1640 732,1640 762,1640"/>
        <TextEquiv>
          <Unicode>y siempre están mu contento,</Unicode>
        </TextEquiv>
      </TextLine>

      
      
      <TextLine id="r1l31" >
        <Coords points="198,1690 194,1653 581,1646 585,1688 585,1703 198,1705"/>
        <Baseline points="199,1691 224,1692 250,1692 276,1692 302,1692 328,1692 353,1691 379,1691 405,1690 431,1690 457,1690 482,1689 508,1689 534,1689 560,1689 586,1690"/>
        <TextEquiv>
          <Unicode>eso lo jiso un debé:</Unicode>
        </TextEquiv>
      </TextLine>

      
      
      <TextLine id="r1l32" >
        <Coords points="206,1738 202,1701 698,1697 702,1734 700,1757 206,1763"/>
        <Baseline points="207,1739 233,1740 259,1741 285,1741 311,1741 337,1741 363,1741 389,1741 415,1741 441,1740 468,1739 494,1739 520,1738 546,1737 572,1737 598,1736 624,1736 650,1736 676,1735 703,1735"/>
        <TextEquiv>
          <Unicode>que mas engorda el amor</Unicode>
        </TextEquiv>
      </TextLine>

      
      
      <TextLine id="r1l33" >
        <Coords points="206,1786 204,1751 673,1747 675,1786 675,1807 206,1812"/>
        <Baseline points="207,1787 233,1789 259,1789 285,1790 311,1790 337,1790 363,1790 389,1789 415,1789 441,1788 467,1787 493,1787 519,1786 545,1786 571,1786 597,1786 623,1787 649,1787 676,1789"/>
        <TextEquiv>
          <Unicode>que las galas y el lovén;</Unicode>
        </TextEquiv>
      </TextLine>

      
      
      <TextLine id="r1l34" >
        <Coords points="202,1835 200,1799 610,1799 612,1832 610,1855 202,1858"/>
        <Baseline points="203,1837 228,1838 254,1838 280,1838 305,1838 331,1838 357,1838 382,1838 408,1837 434,1837 459,1837 485,1837 511,1836 536,1836 562,1835 588,1835 614,1834"/>
        <TextEquiv>
          <Unicode>es la pura, tiito mio;</Unicode>
        </TextEquiv>
      </TextLine>

      
      
      <TextLine id="r1l35" >
        <Coords points="206,1883 204,1845 624,1845 627,1881 624,1897 206,1899"/>
        <Baseline points="208,1885 234,1886 260,1886 286,1886 313,1886 339,1886 365,1886 391,1886 418,1885 444,1885 470,1884 496,1884 523,1884 549,1883 575,1883 601,1883 628,1882"/>
        <TextEquiv>
          <Unicode>esas cosas han de ser</Unicode>
        </TextEquiv>
      </TextLine>

      
      
      <TextLine id="r1l36" >
        <Coords points="200,1935 198,1887 637,1895 641,1929 637,1954 562,1945 200,1956"/>
        <Baseline points="202,1936 227,1936 253,1936 279,1936 305,1935 331,1935 357,1935 383,1935 409,1935 435,1935 461,1934 487,1934 513,1934 539,1933 565,1933 591,1933 617,1932 643,1931"/>
        <TextEquiv>
          <Unicode>á gusto de los chavea,</Unicode>
        </TextEquiv>
      </TextLine>

      
      
      <TextLine id="r1l37" >
        <Coords points="200,1983 198,1943 677,1943 679,1979 675,2004 225,1998 202,2008"/>
        <Baseline points="202,1985 227,1985 252,1985 277,1984 302,1984 327,1984 352,1983 378,1983 403,1982 428,1982 453,1982 478,1982 503,1981 529,1981 554,1981 579,1980 604,1980 629,1980 654,1980 680,1980"/>
        <TextEquiv>
          <Unicode>que lo demá es vulipen.</Unicode>
        </TextEquiv>
      </TextLine>

      
      
      <TextLine id="r1l38" >
        <Coords points="154,2031 154,1981 202,1993 219,1981 219,1981 221,1981 221,1981 221,1981 223,1981 223,1981 225,1981 622,1991 627,2027 624,2054 152,2048"/>
        <Baseline points="155,2033 181,2033 207,2033 234,2033 260,2033 286,2033 313,2033 339,2033 365,2033 392,2033 418,2033 444,2032 471,2032 497,2032 523,2031 550,2031 576,2031 602,2030 629,2029"/>
        <TextEquiv>
          <Unicode>C. Maldita tu gerigonza,</Unicode>
        </TextEquiv>
      </TextLine>

      
      
      <TextLine id="r1l39" >
        <Coords points="209,2081 204,2037 706,2035 710,2075 710,2094 209,2100"/>
        <Baseline points="211,2082 236,2082 261,2082 286,2082 311,2082 336,2081 361,2081 386,2081 411,2081 436,2081 461,2080 486,2080 511,2080 536,2079 561,2079 586,2079 611,2078 636,2078 661,2077 686,2077 711,2076"/>
        <TextEquiv>
          <Unicode>que no puedo comprender</Unicode>
        </TextEquiv>
      </TextLine>

      
      
      <TextLine id="r1l40" >
        <Coords points="211,2129 209,2090 618,2090 620,2127 618,2140 211,2144"/>
        <Baseline points="212,2130 237,2130 263,2131 288,2131 314,2131 340,2131 365,2131 391,2130 417,2130 442,2130 468,2129 493,2129 519,2128 545,2128 570,2128 596,2128 622,2128"/>
        <TextEquiv>
          <Unicode>una palabra siquiera;</Unicode>
        </TextEquiv>
      </TextLine>

      
      
      <TextLine id="r1l41" >
        <Coords points="211,2177 209,2138 683,2138 685,2175 683,2192 211,2196"/>
        <Baseline points="212,2178 237,2179 262,2179 287,2180 312,2180 337,2179 362,2179 387,2179 412,2179 437,2178 462,2178 487,2177 512,2177 537,2177 562,2176 587,2176 612,2176 637,2176 662,2176 687,2177"/>
        <TextEquiv>
          <Unicode>qué quiere decir lobien,</Unicode>
        </TextEquiv>
      </TextLine>

      
      
      <TextLine id="r1l42" >
        <Coords points="206,2227 202,2184 721,2177 725,2225 721,2265 683,2255 601,2265 597,2265 597,2265 595,2265 587,2265 453,2255 413,2265 411,2265 409,2265 409,2265 407,2265 407,2265 407,2265 405,2265 403,2265 372,2255 206,2263"/>
        <Baseline points="209,2229 234,2229 260,2230 286,2230 312,2230 338,2230 364,2229 390,2229 416,2229 442,2229 468,2228 493,2228 519,2228 545,2227 571,2227 597,2227 623,2227 649,2227 675,2226 701,2226 727,2227"/>
        <TextEquiv>
          <Unicode>presqui, manjase, chaviea;</Unicode>
        </TextEquiv>
      </TextLine>

      
    </TextRegion>
    
    <TextRegion id="r2"  custom="structure {type:MainZone;}">
      <Coords points="806,195 823,2310 1565,2250 1535,195"/>
      
      
      <TextLine id="r2l1" >
        <Coords points="1381,217 1379,194 1415,190 1417,217 1415,298 1379,290"/>
        <Baseline points="1383,219 1419,219"/>
        <TextEquiv>
          <Unicode>3</Unicode>
        </TextEquiv>
      </TextLine>

      
      
      <TextLine id="r2l2" >
        <Coords points="890,271 886,219 1392,217 1396,267 1394,288 1162,282 1149,292 1147,294 1147,294 1145,294 1145,294 1145,294 1143,294 1143,294 1143,294 1141,294 1141,294 1139,294 1128,292 1095,284 1038,292 1028,294 1028,294 1026,294 1026,294 1011,294 930,284 892,294"/>
        <Baseline points="891,273 916,272 941,272 967,272 992,272 1017,272 1043,272 1068,271 1093,271 1119,271 1144,271 1169,271 1195,271 1220,271 1245,271 1271,271 1296,270 1321,270 1347,270 1372,269 1398,269"/>
        <TextEquiv>
          <Unicode>qué lengua es esa, mujer?</Unicode>
        </TextEquiv>
      </TextLine>

      
      
      <TextLine id="r2l3" >
        <Coords points="836,323 827,284 846,271 848,271 848,271 848,271 850,271 850,271 850,271 852,271 1051,280 1112,269 1112,269 1114,269 1385,280 1387,319 1387,336 836,342"/>
        <Baseline points="838,325 865,323 893,322 920,321 948,321 975,320 1003,320 1030,319 1058,319 1085,319 1113,319 1141,319 1168,319 1196,319 1223,319 1251,319 1278,319 1306,320 1333,320 1361,320 1389,320"/>
        <TextEquiv>
          <Unicode>A. El lenguaje de la gracia,</Unicode>
        </TextEquiv>
      </TextLine>

      
      
      <TextLine id="r2l4" >
        <Coords points="888,369 884,330 1364,321 1369,365 1364,388 1135,378 1126,388 1124,388 1124,390 1124,390 1122,390 1122,390 1122,390 1120,390 1120,390 1120,390 1118,390 1114,390 921,380 890,392"/>
        <Baseline points="889,372 914,372 939,370 965,370 990,369 1015,369 1041,368 1066,368 1091,368 1117,368 1142,368 1168,368 1193,368 1218,367 1244,367 1269,367 1294,367 1320,367 1345,366 1371,366"/>
        <TextEquiv>
          <Unicode>¿no lo chana su merced?</Unicode>
        </TextEquiv>
      </TextLine>

      
      
      <TextLine id="r2l5" >
        <Coords points="842,418 842,367 1375,378 1377,418 1373,434 838,432"/>
        <Baseline points="843,419 869,419 895,419 922,418 948,418 975,418 1001,418 1027,417 1054,417 1080,417 1107,416 1133,416 1159,416 1186,416 1212,416 1239,415 1265,415 1291,415 1318,415 1344,415 1379,420"/>
        <TextEquiv>
          <Unicode>C. Maldita de Dios la cosa.</Unicode>
        </TextEquiv>
      </TextLine>

      
      
      <TextLine id="r2l6" >
        <Coords points="842,466 842,418 867,428 898,418 898,418 900,418 900,418 900,418 902,418 902,418 907,418 999,428 1369,418 1373,461 1373,491 1302,491 1300,489 1300,489 1298,489 1298,489 1298,489 1298,489 1295,489 1295,489 1295,486 1285,478 1214,478 1206,489 1203,489 1203,489 1203,491 1203,491 1201,491 1201,491 1199,491 1199,491 1199,491 1197,491 1197,491 1180,489 1122,480 1103,489 1099,491 1099,491 1099,491 1097,491 1097,491 1095,491 1095,491 1095,491 1093,491 1093,491 1091,491 1089,489 1074,480 1059,489 1055,491 1055,491 1055,491 1053,491 1053,491 1053,491 1051,491 1051,491 1030,489 974,480 842,486"/>
        <Baseline points="843,468 922,467 948,466 974,466 1000,466 1026,466 1052,465 1078,465 1104,465 1130,465 1155,465 1181,464 1207,464 1233,464 1259,464 1285,464 1311,464 1337,463 1375,463"/>
        <TextEquiv>
          <Unicode>A. Pues yo se lo esplicaré:</Unicode>
        </TextEquiv>
      </TextLine>

      
      
      <TextLine id="r2l8" >
        <Coords points="894,514 892,468 1295,468 1300,509 1302,520 1268,532 1268,532 1266,532 1266,532 1264,532 892,528"/>
        <Baseline points="896,516 921,516 946,515 971,514 997,514 1022,514 1047,513 1073,513 1098,513 1123,513 1149,513 1174,513 1199,513 1225,513 1250,513 1275,513 1301,512"/>
        <TextEquiv>
          <Unicode>tóo esto quiere decir</Unicode>
        </TextEquiv>
      </TextLine>

      
      
      <TextLine id="r2l9" >
        <Coords points="894,562 892,524 1254,524 1291,512 1298,560 1293,589 1229,576 1195,589 1195,589 1193,589 1193,589 1191,589 1191,589 1191,589 1189,589 1143,576 1095,589 1093,589 1093,589 1091,589 1091,589 1091,589 1089,589 1089,589 1089,589 1086,589 1086,589 1068,574 957,574 896,591"/>
        <Baseline points="896,564 921,564 946,563 971,563 996,563 1021,563 1047,563 1072,563 1097,562 1122,562 1147,562 1173,562 1198,562 1223,562 1248,562 1273,562 1299,561"/>
        <TextEquiv>
          <Unicode>que José nasió pa mí</Unicode>
        </TextEquiv>
      </TextLine>

      
      
      <TextLine id="r2l10" >
        <Coords points="886,606 886,570 1237,570 1237,610 1233,633 1172,624 1153,633 1147,637 1147,637 1147,637 1145,637 1145,637 1145,639 1063,639 1061,637 1061,637 1038,633 967,622 884,633"/>
        <Baseline points="887,608 912,610 937,611 962,612 987,612 1012,612 1037,612 1062,612 1087,611 1112,611 1137,610 1162,610 1187,610 1212,611 1238,612"/>
        <TextEquiv>
          <Unicode>y yo nasí pa José;</Unicode>
        </TextEquiv>
      </TextLine>

      
      
      <TextLine id="r2l11" >
        <Coords points="898,660 894,627 1009,608 1009,608 1011,608 1011,608 1011,608 1013,608 1013,608 1013,608 1015,608 1030,618 1040,624 1170,624 1197,610 1201,608 1201,608 1201,608 1203,608 1203,608 1203,608 1206,608 1206,608 1214,608 1289,620 1308,604 1310,601 1310,599 1310,599 1312,599 1312,599 1312,599 1314,599 1314,599 1316,599 1396,599 1398,654 1396,679 1270,668 1187,681 1185,681 1185,681 1183,681 1183,681 1183,681 1180,681 1116,670 898,683"/>
        <Baseline points="900,662 925,662 950,662 975,661 1000,661 1025,661 1050,661 1075,660 1100,660 1125,660 1150,660 1175,660 1200,659 1225,659 1250,659 1275,658 1300,658 1325,657 1350,656 1375,656 1400,655"/>
        <TextEquiv>
          <Unicode>que tal, ma esplicao, tio?</Unicode>
        </TextEquiv>
      </TextLine>

      
      
      <TextLine id="r2l12" >
        <Coords points="1011,708 1009,662 1245,666 1252,664 1266,654 1268,654 1268,654 1268,654 1270,654 1270,654 1272,654 1272,654 1348,666 1352,702 1354,716 1337,731 1337,731 1337,731 1335,731 1335,731 1333,731 1333,731 1333,731 1331,731 1331,731 1331,731 1281,721 1235,733 1233,733 1233,733 1231,733 1009,725"/>
        <Baseline points="1013,709 1039,708 1065,708 1091,708 1117,708 1144,708 1170,707 1196,707 1222,707 1249,707 1275,706 1301,706 1327,705 1354,704"/>
        <TextEquiv>
          <Unicode>Váse D. Cándido.</Unicode>
        </TextEquiv>
      </TextLine>

      
      
      <TextLine id="r2l13" >
        <Coords points="898,758 898,706 940,718 1038,708 1038,708 1040,708 1239,718 1262,702 1262,702 1264,702 1264,702 1264,702 1266,702 1266,702 1268,702 1268,702 1268,702 1331,714 1352,698 1352,698 1354,698 1354,698 1354,698 1354,698 1356,698 1356,698 1358,698 1417,698 1419,752 1415,775 896,773"/>
        <Baseline points="900,759 926,758 952,758 978,758 1004,758 1030,758 1056,758 1082,758 1108,757 1134,757 1160,757 1186,757 1212,756 1238,756 1264,756 1290,756 1316,755 1342,755 1368,755 1394,754 1421,754"/>
        <TextEquiv>
          <Unicode>Cuarquiera me vuelve atrá</Unicode>
        </TextEquiv>
      </TextLine>

      
      
      <TextLine id="r2l14" >
        <Coords points="896,806 894,758 1337,764 1339,802 1335,823 894,821"/>
        <Baseline points="898,808 924,808 950,807 976,807 1002,806 1028,806 1054,805 1080,805 1106,805 1132,804 1158,804 1184,804 1210,803 1236,803 1262,803 1288,804 1314,804 1341,804"/>
        <TextEquiv>
          <Unicode>habiendo dicho que sí,</Unicode>
        </TextEquiv>
      </TextLine>

      
      
      <TextLine id="r2l15" >
        <Coords points="890,852 888,808 928,817 944,806 953,800 955,800 955,800 955,800 957,800 957,800 959,800 959,800 959,800 961,800 961,800 963,800 963,800 969,806 984,817 1032,817 1059,804 1068,800 1068,800 1068,800 1070,800 1070,800 1072,800 1072,800 1072,800 1074,800 1084,802 1132,817 1189,800 1191,800 1193,800 1193,800 1193,800 1195,800 1195,800 1197,800 1199,800 1249,815 1264,802 1264,800 1264,800 1266,800 1266,800 1266,800 1268,800 1268,800 1270,800 1270,800 1270,800 1272,800 1272,800 1302,813 1413,796 1417,848 1417,881 1291,881 1289,879 1289,879 1287,879 1287,879 1287,879 1285,879 1285,879 1283,877 1268,867 1191,875 1126,881 1126,881 1124,881 888,867"/>
        <Baseline points="892,854 918,854 944,855 970,855 997,855 1023,855 1049,855 1076,855 1102,855 1128,854 1155,854 1181,854 1207,853 1233,852 1260,852 1286,852 1312,851 1339,851 1365,850 1391,850 1418,850"/>
        <TextEquiv>
          <Unicode>ó el mundo se ha de jundí</Unicode>
        </TextEquiv>
      </TextLine>

      
      
      <TextLine id="r2l16" >
        <Coords points="896,902 894,854 963,865 988,856 994,854 994,854 997,854 997,854 999,854 999,854 999,854 1013,856 1053,867 1170,867 1174,861 1180,856 1180,854 1180,854 1183,854 1183,854 1183,854 1185,854 1185,854 1185,854 1187,854 1293,865 1295,900 1295,911 1254,925 1252,925 1252,925 1252,925 1249,925 894,915"/>
        <Baseline points="898,903 923,903 948,904 973,904 998,904 1023,904 1048,904 1073,904 1098,903 1123,903 1148,903 1173,903 1198,902 1223,902 1248,902 1273,901 1298,901"/>
        <TextEquiv>
          <Unicode>ó la tiene que tragá;</Unicode>
        </TextEquiv>
      </TextLine>

      
      
      <TextLine id="r2l17" >
        <Coords points="896,950 894,915 1312,913 1314,950 1314,967 896,969"/>
        <Baseline points="897,953 923,953 949,952 975,952 1001,952 1027,952 1054,952 1080,952 1106,952 1132,952 1158,952 1185,952 1211,952 1237,952 1263,952 1289,951 1316,951"/>
        <TextEquiv>
          <Unicode>como el reló, puñalá,</Unicode>
        </TextEquiv>
      </TextLine>

      
      
      <TextLine id="r2l18" >
        <Coords points="898,996 898,955 1385,959 1387,999 1383,1024 1325,1013 1275,1024 1266,1024 1266,1024 1266,1024 1264,1024 1264,1024 1262,1024 1256,1022 1224,1013 1206,1022 1201,1024 1201,1024 1201,1024 1199,1024 1199,1024 1197,1024 894,1015"/>
        <Baseline points="900,999 925,999 950,1000 975,1000 1001,1001 1026,1001 1051,1001 1076,1000 1102,1000 1127,1000 1152,1000 1177,1000 1203,999 1228,999 1253,999 1278,999 1304,999 1329,999 1354,1000 1389,1000"/>
        <TextEquiv>
          <Unicode>se vá á tirá de las greña;</Unicode>
        </TextEquiv>
      </TextLine>

      
      
      <TextLine id="r2l19" >
        <Coords points="902,1049 900,1011 1335,1011 1337,1047 1337,1061 1310,1074 1310,1074 1310,1074 1308,1074 1308,1074 1306,1074 900,1067"/>
        <Baseline points="903,1050 928,1050 954,1049 979,1049 1005,1049 1030,1049 1056,1049 1082,1049 1107,1049 1133,1049 1158,1049 1184,1049 1210,1049 1235,1049 1261,1049 1286,1048 1312,1048 1338,1048"/>
        <TextEquiv>
          <Unicode>como tengo yo é sejá,</Unicode>
        </TextEquiv>
      </TextLine>

      
      
      <TextLine id="r2l20" >
        <Coords points="900,1097 896,1059 1348,1053 1354,1093 1350,1118 934,1111 902,1124"/>
        <Baseline points="902,1099 927,1099 952,1098 977,1098 1002,1098 1027,1097 1053,1097 1078,1097 1103,1097 1128,1097 1153,1097 1178,1097 1204,1096 1229,1096 1254,1096 1279,1096 1304,1096 1329,1096 1355,1095"/>
        <TextEquiv>
          <Unicode>primero me tiro al má;</Unicode>
        </TextEquiv>
      </TextLine>

      
      
      <TextLine id="r2l21" >
        <Coords points="902,1147 898,1109 1458,1103 1463,1143 1461,1168 1279,1157 1254,1166 1239,1170 1237,1170 1237,1170 1237,1170 1235,1170 1235,1170 1233,1170 1212,1164 1191,1157 1185,1164 1180,1166 1180,1168 1180,1168 1178,1168 1178,1168 1178,1168 1176,1168 1176,1168 1174,1168 1174,1168 1174,1168 1147,1164 1126,1159 1122,1162 1109,1172 1107,1172 1107,1172 1107,1172 1105,1172 1105,1172 1103,1172 1103,1172 1103,1172 1101,1172 1068,1162 1066,1162 1063,1162 1015,1172 1015,1172 1015,1172 1013,1172 1013,1172 1013,1172 1011,1172 1011,1172 1009,1172 990,1159 986,1159 902,1159"/>
        <Baseline points="904,1148 932,1148 960,1147 988,1147 1016,1147 1044,1146 1072,1146 1100,1146 1128,1146 1156,1146 1184,1146 1212,1145 1240,1145 1268,1145 1296,1145 1324,1145 1352,1145 1380,1145 1408,1144 1436,1144 1464,1144"/>
        <TextEquiv>
          <Unicode>salero, soy malagueña nativa</Unicode>
        </TextEquiv>
      </TextLine>

      
      
      <TextLine id="r2l22" >
        <Coords points="902,1193 900,1145 1362,1153 1364,1191 1362,1208 902,1216"/>
        <Baseline points="905,1195 930,1195 956,1195 982,1196 1007,1196 1033,1196 1059,1196 1084,1196 1110,1195 1136,1195 1161,1195 1187,1195 1213,1194 1238,1194 1264,1194 1290,1194 1315,1193 1341,1193 1367,1193"/>
        <TextEquiv>
          <Unicode>del barrio é la Trenidá,</Unicode>
        </TextEquiv>
      </TextLine>

      
      
      <TextLine id="r2l23" >
        <Coords points="902,1243 900,1199 1346,1199 1348,1239 1344,1264 900,1262"/>
        <Baseline points="903,1245 929,1245 955,1245 981,1245 1007,1245 1034,1245 1060,1244 1086,1244 1112,1244 1139,1243 1165,1243 1191,1243 1217,1242 1244,1242 1270,1241 1296,1241 1322,1240 1349,1240"/>
        <TextEquiv>
          <Unicode>con el cielo mas juncá</Unicode>
        </TextEquiv>
      </TextLine>

      
      
      <TextLine id="r2l24" >
        <Coords points="905,1293 902,1256 978,1256 990,1251 1011,1243 1011,1243 1013,1243 1013,1243 1015,1243 1015,1243 1015,1243 1017,1243 1038,1249 1055,1256 1076,1249 1097,1241 1097,1241 1099,1241 1099,1241 1101,1241 1101,1241 1103,1241 1103,1241 1120,1247 1139,1256 1260,1256 1293,1241 1302,1239 1302,1239 1304,1239 1304,1239 1306,1239 1306,1239 1306,1239 1308,1239 1308,1239 1314,1241 1337,1251 1400,1239 1404,1289 1400,1314 1277,1304 1262,1314 1262,1314 1260,1314 1260,1314 1260,1314 1258,1314 1258,1314 1256,1314 944,1306 907,1316"/>
        <Baseline points="907,1294 933,1294 959,1293 985,1293 1011,1293 1038,1293 1064,1292 1090,1292 1116,1292 1142,1292 1169,1292 1195,1291 1221,1291 1247,1291 1273,1291 1300,1291 1326,1290 1352,1290 1378,1290 1405,1290"/>
        <TextEquiv>
          <Unicode>que tiene España, salero;</Unicode>
        </TextEquiv>
      </TextLine>

      
      
      <TextLine id="r2l25" >
        <Coords points="902,1345 894,1308 915,1293 917,1293 917,1293 917,1293 919,1293 919,1293 919,1293 921,1293 921,1293 921,1293 923,1293 923,1293 925,1293 942,1304 1063,1291 1063,1291 1066,1291 1066,1291 1139,1304 1174,1304 1206,1304 1208,1302 1224,1289 1226,1289 1226,1289 1226,1289 1229,1289 1229,1289 1229,1289 1231,1289 1231,1289 1233,1289 1233,1289 1233,1289 1252,1299 1266,1289 1268,1289 1268,1289 1268,1289 1270,1289 1270,1289 1272,1289 1272,1289 1377,1299 1379,1339 1375,1356 928,1356 905,1366"/>
        <Baseline points="903,1346 928,1345 953,1344 978,1343 1003,1343 1028,1342 1053,1342 1079,1341 1104,1341 1129,1340 1154,1340 1179,1340 1204,1340 1230,1339 1255,1339 1280,1339 1305,1339 1330,1339 1355,1340 1381,1340"/>
        <TextEquiv>
          <Unicode>¿habrá tierra, caballero,</Unicode>
        </TextEquiv>
      </TextLine>

      
      
      <TextLine id="r2l26" >
        <Coords points="900,1389 894,1350 930,1339 932,1339 932,1339 934,1339 934,1339 934,1339 936,1339 936,1339 936,1339 938,1339 938,1339 946,1348 951,1352 1076,1352 1091,1343 1099,1337 1101,1337 1101,1337 1103,1337 1103,1337 1103,1337 1105,1337 1105,1337 1107,1337 1107,1337 1107,1337 1109,1337 1109,1337 1109,1339 1114,1341 1124,1354 1164,1354 1180,1339 1183,1337 1183,1337 1185,1337 1185,1337 1185,1337 1187,1337 1187,1337 1189,1337 1189,1337 1189,1337 1191,1337 1191,1337 1191,1337 1193,1337 1193,1337 1195,1339 1208,1350 1222,1339 1224,1337 1224,1335 1224,1335 1226,1335 1226,1335 1229,1335 1229,1335 1229,1335 1231,1335 1231,1335 1231,1335 1233,1335 1241,1337 1275,1350 1298,1335 1302,1333 1304,1333 1304,1333 1306,1333 1306,1333 1306,1333 1308,1333 1308,1333 1310,1333 1310,1333 1310,1333 1312,1333 1312,1333 1314,1335 1327,1345 1358,1335 1360,1335 1360,1335 1360,1335 1362,1335 1362,1335 1364,1335 1364,1335 1364,1335 1367,1335 1367,1335 1367,1337 1377,1345 1387,1333 1392,1331 1392,1329 1392,1329 1394,1329 1394,1329 1394,1329 1396,1329 1396,1329 1398,1329 1484,1331 1486,1385 1484,1412 1358,1414 1356,1414 1356,1414 1354,1414 1354,1414 1354,1414 1352,1414 1352,1414 1352,1412 1350,1412 1339,1402 1295,1412 1281,1414 1281,1414 1281,1414 1279,1414 1279,1414 1277,1414 1266,1412 1233,1402 1164,1402 1155,1410 1149,1417 1149,1417 1147,1417 1147,1417 1147,1417 1145,1417 1145,1417 1145,1417 1143,1417 1143,1417 1141,1417 1141,1417 1141,1417 1139,1417 1139,1417 1132,1410 1124,1404 1109,1410 1095,1417 1095,1417 1093,1417 1093,1417 1093,1417 1091,1417 898,1408"/>
        <Baseline points="902,1391 930,1391 959,1391 987,1391 1016,1391 1044,1390 1073,1390 1101,1390 1130,1390 1158,1390 1187,1389 1216,1389 1244,1389 1273,1388 1301,1388 1330,1388 1358,1387 1387,1387 1415,1387 1444,1386 1487,1387"/>
        <TextEquiv>
          <Unicode>como esta? què ha de haber!</Unicode>
        </TextEquiv>
      </TextLine>

      
      
      <TextLine id="r2l27" >
        <Coords points="907,1435 905,1389 1143,1398 1158,1394 1183,1387 1185,1387 1185,1387 1187,1387 1187,1387 1187,1387 1189,1387 1189,1387 1189,1387 1191,1387 1201,1396 1206,1398 1210,1396 1233,1387 1233,1387 1235,1387 1235,1387 1235,1387 1237,1387 1237,1387 1239,1387 1277,1398 1281,1398 1285,1398 1344,1387 1344,1387 1344,1387 1346,1387 1346,1387 1348,1387 1348,1387 1348,1387 1373,1400 1373,1435 1371,1460 907,1460"/>
        <Baseline points="908,1437 933,1438 959,1439 985,1440 1011,1440 1037,1440 1063,1440 1089,1439 1115,1439 1141,1438 1166,1437 1192,1437 1218,1436 1244,1436 1270,1436 1296,1435 1322,1436 1348,1436 1374,1437"/>
        <TextEquiv>
          <Unicode>Y las mosa? Madre mia,</Unicode>
        </TextEquiv>
      </TextLine>

      
      
      <TextLine id="r2l28" >
        <Coords points="902,1485 898,1450 1431,1444 1436,1483 1431,1506 963,1500 902,1511"/>
        <Baseline points="903,1488 929,1489 956,1489 983,1489 1009,1488 1036,1488 1063,1488 1089,1487 1116,1487 1143,1486 1170,1486 1196,1486 1223,1485 1250,1485 1276,1485 1303,1484 1330,1484 1356,1484 1383,1484 1410,1484 1437,1484"/>
        <TextEquiv>
          <Unicode>son lusero, sás, me jundo;</Unicode>
        </TextEquiv>
      </TextLine>

      
      
      <TextLine id="r2l29" >
        <Coords points="900,1536 896,1496 1527,1488 1534,1527 1532,1557 1404,1559 1402,1559 1402,1559 1402,1559 1400,1559 1400,1559 1369,1546 1298,1561 1295,1561 1295,1561 1295,1561 1293,1561 1293,1561 1291,1561 1216,1548 1201,1561 1201,1561 1199,1561 1199,1561 1199,1561 1197,1561 1197,1561 1197,1561 1114,1565 1049,1565 1047,1565 1047,1565 1043,1565 940,1552 902,1567"/>
        <Baseline points="902,1537 933,1537 965,1537 996,1536 1028,1536 1060,1536 1091,1536 1123,1535 1155,1535 1186,1535 1218,1535 1250,1534 1281,1534 1313,1534 1345,1533 1376,1533 1408,1532 1440,1532 1471,1531 1503,1530 1535,1529"/>
        <TextEquiv>
          <Unicode>cuando está ascura tóo el mundo</Unicode>
        </TextEquiv>
      </TextLine>

      
      
      <TextLine id="r2l30" >
        <Coords points="905,1584 900,1546 969,1534 969,1534 971,1534 971,1534 971,1534 1028,1542 1040,1544 1379,1538 1383,1582 1379,1609 1300,1598 1264,1607 1258,1609 1256,1609 1256,1609 1254,1609 1254,1609 1254,1609 1252,1609 1245,1607 1220,1598 1199,1607 1189,1609 1187,1609 1187,1609 1187,1609 1185,1609 902,1598"/>
        <Baseline points="907,1585 932,1585 957,1585 982,1585 1007,1585 1032,1585 1057,1585 1082,1585 1107,1584 1132,1584 1158,1584 1183,1583 1208,1583 1233,1583 1258,1583 1283,1583 1308,1583 1333,1583 1358,1583 1384,1584"/>
        <TextEquiv>
          <Unicode>en Málaga es medio dia;</Unicode>
        </TextEquiv>
      </TextLine>

      
      
      <TextLine id="r2l31" >
        <Coords points="915,1632 911,1596 1298,1586 1302,1632 1300,1649 915,1649"/>
        <Baseline points="916,1633 941,1634 967,1635 993,1635 1019,1635 1045,1635 1071,1634 1097,1634 1122,1633 1148,1632 1174,1632 1200,1632 1226,1632 1252,1632 1278,1632 1304,1633"/>
        <TextEquiv>
          <Unicode>vaya una tierra barí,</Unicode>
        </TextEquiv>
      </TextLine>

      
      
      <TextLine id="r2l32" >
        <Coords points="917,1682 915,1642 1350,1642 1352,1680 1348,1701 915,1697"/>
        <Baseline points="918,1684 943,1684 969,1684 994,1683 1020,1683 1045,1683 1071,1682 1097,1682 1122,1682 1148,1681 1173,1681 1199,1681 1225,1680 1250,1680 1276,1680 1301,1680 1327,1681 1353,1681"/>
        <TextEquiv>
          <Unicode>es lo mejó que se jiso;</Unicode>
        </TextEquiv>
      </TextLine>

      
      
      <TextLine id="r2l33" >
        <Coords points="907,1730 902,1692 974,1680 974,1680 976,1680 976,1680 976,1680 978,1680 1003,1686 1032,1694 1074,1684 1086,1680 1089,1680 1089,1680 1089,1680 1091,1680 1091,1680 1105,1682 1166,1692 1195,1678 1195,1678 1195,1678 1195,1678 1197,1678 1197,1678 1199,1678 1199,1678 1199,1678 1201,1678 1201,1678 1201,1678 1203,1678 1226,1692 1285,1692 1304,1678 1306,1678 1306,1678 1306,1678 1308,1678 1308,1678 1308,1678 1310,1678 1310,1678 1312,1678 1312,1678 1312,1678 1314,1678 1333,1690 1369,1669 1377,1665 1377,1665 1377,1665 1379,1665 1379,1665 1381,1665 1475,1665 1479,1722 1477,1749 1335,1757 1333,1757 1333,1757 1333,1757 1295,1751 1272,1747 1258,1751 1237,1757 1235,1757 1235,1757 1235,1757 1233,1757 1233,1757 1231,1757 1231,1757 1212,1751 1199,1747 1147,1751 1032,1761 1032,1761 1030,1761 905,1751"/>
        <Baseline points="908,1732 936,1732 965,1731 993,1731 1022,1731 1051,1731 1079,1731 1108,1731 1137,1730 1165,1730 1194,1730 1223,1730 1251,1730 1280,1729 1309,1729 1337,1728 1366,1727 1395,1727 1423,1726 1452,1725 1481,1723"/>
        <TextEquiv>
          <Unicode>quien quiá está en el paraiso</Unicode>
        </TextEquiv>
      </TextLine>

      
      
      <TextLine id="r2l34" >
        <Coords points="911,1778 909,1734 1137,1743 1172,1730 1172,1730 1172,1730 1174,1730 1174,1730 1176,1730 1176,1730 1176,1730 1178,1730 1239,1743 1333,1728 1337,1776 1335,1803 1239,1807 1237,1807 1237,1807 1235,1807 1235,1807 1235,1807 1233,1807 1226,1803 1212,1793 1201,1803 1195,1807 1195,1807 1193,1807 1193,1807 1193,1807 1191,1807 1191,1807 1189,1807 1189,1807 1189,1807 1187,1807 1187,1807 1185,1807 1185,1807 1178,1801 1164,1793 1095,1793 1084,1801 1078,1805 1078,1807 1078,1807 1076,1807 1076,1807 1074,1807 1074,1807 1074,1807 1072,1807 909,1797"/>
        <Baseline points="912,1780 937,1781 962,1781 987,1781 1012,1781 1037,1781 1062,1780 1087,1780 1112,1779 1137,1779 1162,1778 1187,1778 1212,1778 1237,1777 1262,1777 1287,1777 1312,1778 1338,1778"/>
        <TextEquiv>
          <Unicode>salero, que viva aquí.</Unicode>
        </TextEquiv>
      </TextLine>

      
      
      <TextLine id="r2l35" >
        <Coords points="1095,1826 1095,1776 1291,1789 1293,1826 1289,1845 1178,1839 1093,1849"/>
        <Baseline points="1097,1828 1125,1827 1153,1826 1181,1826 1209,1825 1237,1825 1265,1826 1294,1827"/>
        <TextEquiv>
          <Unicode>Sale José.</Unicode>
        </TextEquiv>
      </TextLine>

      
      
      <TextLine id="r2l36" >
        <Coords points="863,1876 861,1812 999,1828 1024,1809 1024,1809 1026,1809 1026,1809 1026,1809 1028,1809 1028,1809 1028,1809 1030,1809 1030,1809 1030,1809 1030,1809 1032,1809 1032,1809 1032,1809 1034,1809 1034,1809 1034,1812 1057,1835 1153,1835 1180,1820 1180,1820 1180,1820 1183,1820 1183,1820 1185,1820 1185,1820 1283,1830 1306,1809 1306,1807 1306,1807 1308,1807 1308,1807 1308,1807 1310,1807 1310,1807 1310,1807 1360,1805 1367,1870 1364,1895 861,1891"/>
        <Baseline points="864,1878 889,1878 914,1878 939,1878 965,1878 990,1878 1015,1877 1040,1877 1066,1877 1091,1877 1116,1876 1141,1876 1167,1876 1192,1875 1217,1875 1242,1874 1268,1874 1293,1874 1318,1873 1343,1873 1369,1872"/>
        <TextEquiv>
          <Unicode>J. No tema, Antonia mia,</Unicode>
        </TextEquiv>
      </TextLine>

      
      
      <TextLine id="r2l37" >
        <Coords points="915,1926 911,1887 1383,1872 1387,1918 1383,1943 1147,1939 1001,1952 974,1954 971,1954 971,1954 971,1954 969,1954 965,1954 938,1943 917,1954"/>
        <Baseline points="916,1928 942,1928 968,1928 995,1927 1021,1927 1047,1927 1074,1926 1100,1926 1126,1925 1153,1925 1179,1924 1205,1923 1232,1923 1258,1922 1284,1922 1311,1921 1337,1921 1363,1920 1390,1920"/>
        <TextEquiv>
          <Unicode>que aquí tiene á tu José</Unicode>
        </TextEquiv>
      </TextLine>

      
      
      <TextLine id="r2l38" >
        <Coords points="917,1972 911,1935 946,1924 948,1924 948,1924 948,1924 951,1924 951,1924 953,1924 953,1924 974,1933 988,1939 1084,1939 1097,1929 1101,1924 1101,1924 1103,1924 1103,1924 1103,1924 1105,1924 1105,1924 1107,1924 1107,1924 1107,1924 1109,1924 1109,1924 1120,1929 1143,1937 1214,1926 1214,1926 1216,1926 1216,1926 1312,1935 1421,1920 1425,1968 1425,1995 917,1995"/>
        <Baseline points="919,1975 944,1975 969,1975 995,1975 1020,1975 1046,1975 1071,1974 1096,1974 1122,1974 1147,1974 1173,1973 1198,1973 1223,1973 1249,1972 1274,1972 1300,1971 1325,1971 1350,1971 1376,1970 1401,1970 1427,1969"/>
        <TextEquiv>
          <Unicode>como un bronce pa queré</Unicode>
        </TextEquiv>
      </TextLine>

      
      
      <TextLine id="r2l39" >
        <Coords points="909,2021 907,1979 1394,1979 1396,2018 1394,2044 1149,2033 994,2044 990,2044 988,2044 988,2044 988,2044 986,2044 986,2044 944,2033 911,2044"/>
        <Baseline points="911,2022 936,2023 962,2024 987,2024 1013,2025 1039,2025 1064,2024 1090,2024 1116,2024 1141,2023 1167,2023 1192,2022 1218,2022 1244,2021 1269,2021 1295,2020 1321,2020 1346,2020 1372,2020 1398,2021"/>
        <TextEquiv>
          <Unicode>y el que por tí dá la via;</Unicode>
        </TextEquiv>
      </TextLine>

      
      
      <TextLine id="r2l40" >
        <Coords points="913,2069 909,2033 1024,2021 1024,2021 1026,2021 1026,2021 1028,2021 1028,2021 1028,2021 1030,2021 1045,2031 1047,2031 1051,2031 1078,2021 1080,2021 1080,2021 1080,2021 1082,2021 1082,2021 1082,2021 1084,2021 1084,2021 1084,2021 1086,2021 1086,2021 1097,2029 1097,2029 1097,2029 1107,2021 1107,2021 1109,2021 1109,2021 1112,2021 1112,2021 1112,2021 1114,2021 1114,2021 1114,2021 1116,2021 1116,2021 1118,2021 1130,2029 1137,2031 1346,2027 1350,2069 1346,2085 911,2083"/>
        <Baseline points="914,2071 939,2072 965,2072 991,2072 1017,2072 1042,2072 1068,2071 1094,2071 1120,2071 1145,2070 1171,2069 1197,2069 1223,2069 1248,2069 1274,2069 1300,2069 1326,2069 1352,2070"/>
        <TextEquiv>
          <Unicode>estrella del medio dia,</Unicode>
        </TextEquiv>
      </TextLine>

      
      
      <TextLine id="r2l41" >
        <Coords points="911,2117 911,2079 1331,2079 1333,2117 1331,2131 909,2135"/>
        <Baseline points="913,2119 939,2120 965,2121 991,2121 1018,2122 1044,2121 1070,2121 1097,2121 1123,2120 1149,2120 1176,2119 1202,2119 1228,2118 1255,2118 1281,2117 1307,2117 1334,2118"/>
        <TextEquiv>
          <Unicode>perlita de mil colore, </Unicode>
        </TextEquiv>
      </TextLine>

      
      
      <TextLine id="r2l42" >
        <Coords points="921,2169 917,2129 1373,2121 1377,2163 1375,2179 921,2186"/>
        <Baseline points="923,2171 948,2170 973,2170 999,2170 1024,2170 1049,2170 1075,2170 1100,2169 1125,2169 1151,2169 1176,2168 1201,2168 1227,2168 1252,2167 1277,2167 1303,2167 1328,2166 1353,2165 1379,2165"/>
        <TextEquiv>
          <Unicode>jardin sembrao de flore;</Unicode>
        </TextEquiv>
      </TextLine>

      
      
      <TextLine id="r2l43" >
        <Coords points="921,2219 915,2181 948,2169 948,2169 951,2169 951,2169 953,2169 953,2169 1009,2177 1015,2177 1022,2177 1059,2167 1061,2167 1061,2167 1063,2167 1164,2171 1233,2173 1436,2161 1442,2209 1440,2253 919,2250"/>
        <Baseline points="923,2221 949,2221 975,2221 1001,2220 1027,2220 1053,2220 1079,2220 1105,2219 1131,2219 1157,2219 1183,2218 1209,2218 1235,2218 1261,2217 1287,2217 1313,2216 1339,2215 1365,2214 1391,2214 1417,2212 1443,2211"/>
        <TextEquiv>
          <Unicode>jui que jembra, mare mia!</Unicode>
        </TextEquiv>
      </TextLine>

      
    </TextRegion>
    
    <TextRegion id="eSc_textblock_72d4f1a8"  custom="structure {type:NumberingZone:page;}">
      <Coords points="1362,134 1366,257 1469,240 1469,134"/>
      
    </TextRegion>
    

    
  </Page>
</PcGts>
