1737 2508
1112 125 1429 215 Nùm. 123.
403 980 1323 1126 SATIRA GRACIOSA,
181 1122 1563 1218 en que se manifiestan los nombres, propieda¬
288 1205 1463 1310 des y faltas que las mujeres han notado
382 1297 1371 1398 en los hombres que hay en el día.
225 1460 643 1521 Escuche todo viviente,
898 1433 1392 1523 y á un elogio tan cumplido
188 1508 679 1567 e! que me quiera escuchar
898 1504 1433 1563 no hay (pie añadir, ni quitar,
183 1540 783 1617 varias faltas que en los hombres,
902 1548 1354 1611 á no ser que aseguremos
186 1586 654 1657 las hembras deben notar;
896 1588 1571 1661 que entre un Pedro y entre un Juan,
183 1638 658 1697 porque las de las mujeres
898 1632 1287 1699 se repartió la malicia
188 1680 595 1743 bien publicadas están,
900 1682 1364 1736 y á los Pedros cupo mas.
181 1715 725 1793 y es menester que se cumpla
902 1720 1442 1784 No hay que fiar de los Pepes
190 1772 593 1826 aquel célebre refrán
902 1768 1390 1832 que es gente poco formal;
188 1809 589 1876 que nos dice Cicerón,
902 1814 1341 1874 v si hay alguno juicioso
192 1855 660 1914 lleve su cruz cada cual...
905 1851 1302 1914 le debe de confirmar,
192 1903 685 1962 Empecemos por los Juanes
902 1893 1387 1964 porque el nombre de José
188 1945 746 2010 que es el nombre mas vulgar,
905 1947 1356 2002 se inventó por Carnaval.
190 1985 731 2056 y por lo mucho que abundan
907 1991 1402 2048 Los Franciscos inconstantes
192 2037 739 2102 puede que haya uno tal cual,
907 2037 1358 2094 desde fecha inmemorial,
192 2079 687 2144 aunque semejante hallazgo
907 2077 1413 2138 han sido siempre maestros
194 2121 633 2184 no se ha visto publicar.
909 2123 1321 2177 en el arte de engañar:
194 2171 704 2236 A los Pedros con los Juanes
905 2148 1461 2232 dicen que hubo muchos justos
198 2207 585 2299 los podemos igualar,
911 2215 1406 2294 en tiempo del padre Adan,
