1700 2440
286 193 307 229 2
239 215 874 270 La mujer que encuentre un hombre
953 221 1431 270 Tres jueves hay en el año
195 260 601 319 fino, constante y leal,
911 252 1433 315 que relumbran como el sol:
197 302 605 363 llévelo, por cosa rara,
906 298 1462 363 Jueves Santo, Corpus Christi,
201 349 587 406 á la Historia Natural.
913 347 1364 408 y el dia de la Ascensión.
241 392 799 451 El amor que siente el hombre
955 398 1407 453 En la soledad del campo
197 431 620 498 es como la leña verde,
908 441 1411 498 me puse á llorar mis penas,
197 475 697 546 que llena de humo la casa
906 479 1399 544 y fué tan grande mi llanto
197 520 563 591 y luego desaparece.
908 526 1399 585 que florecieron las yerbas.
241 575 632 626 Anoche soñé contigo
957 571 1433 628 En el campo una mañana
908 599 1301 675 Cogí para tí una flor;
199 612 660 673 y fui muy feliz entonces;
201 662 829 717 Dios me otorgue hoy mucho sueño
906 660 1427 725 Se me perdió en el camino,
913 703 1297 762 Y con ella la ilusión.
193 703 660 766 para soñar lo de anoche.
241 752 695 809 Aun conservo tu retrato,
955 746 1433 803 Dices que tu amor es loco
908 790 1401 849 Y yo que es loco mi amor;
199 795 709 851 y hasta le guardo con llave,
193 831 758 894 que él me recuerda la historia
908 835 1433 894 Que nos encierren por locos
195 876 654 941 de todas tus liviandades,
911 878 1305 939 Pero juntos á los dos.
239 933 691 984 Yo he muerto ya para ti
953 921 1340 984 Morenita y enlutada,
197 953 658 1026 hace muchísimo tiempo;
913 971 1492 1032 ¡Qué bien que te sienta el luto!
197 1012 697 1069 cumple el refrán, hija mia,
908 1010 1333 1073 Nos casaremos los dos,
199 1055 797 1114 de que á rey muerto, rey puesto.
911 1051 1397 1118 y Dios perdone al difunto.
239 1100 819 1165 Si es cierto que en este mundo
955 1106 1427 1163 El clavel que tú me diste
908 1146 1348 1207 el dia de la Ascensión,
197 1132 697 1209 quien mal anda mal acaba,
199 1183 634 1246 tiene que ser tu castigo
908 1193 1372 1248 no fué clavel, sino clavo
197 1240 683 1295 tan grande como tu falta.
911 1234 1329 1297 que clavo mi corazón.
239 1285 695 1337 Amar al prójimo ordena
941 1281 1386 1337 Cuando yo te vi venir,
195 1321 683 1386 de Dios el santo precepto;
911 1309 1295 1382 le dije á mi corazón:
193 1366 713 1431 tantos amas, que si mueres,
906 1362 1366 1431 ¡Qué bonita piedrecita
197 1409 652 1470 te vas derechita al cielo.
911 1413 1323 1474 para dar un tropezón!
237 1461 774 1522 Mucho daño me has causado
959 1461 1397 1514 Desde que te vi te amé,
193 1498 632 1559 sin llegar á condolerte;
911 1500 1415 1561 porque amar y ver tu cielo
913 1549 1451 1606 bien pudieron ser dos cosas,
193 1541 744 1606 pero aquel que á hierro mata
195 1592 742 1649 ya sabes que á hierro muere.
915 1594 1340 1653 pero ninguna primero.
241 1636 677 1689 ¿Es posible padre Adan
959 1640 1417 1693 Anda diciendo tu madre
195 1659 701 1734 que siendo vuestra merced
913 1683 1360 1736 que mereces una reina;
195 1720 766 1781 el primer hombre del mundo,
915 1718 1427 1779 anda, vé, y dile á tu madre
197 1758 646 1817 le engañara una mujer?
911 1760 1425 1830 que vaya á Madrid por ella.
244 1813 699 1866 De una costilla de Adan
959 1807 1297 1868 Los pajarillos y yo
197 1832 595 1909 hizo Dios á la mujer,
917 1854 1460 1913 nos levantamos a un tiempo,
195 1891 703 1958 para dejarle á los hombres
915 1897 1317 1958 ellos á cantar el alba,
199 1945 565 2000 ese hueso que roer.
908 1935 1429 2004 yo á cantar mi sentimiento.
244 1984 748 2043 Las mujeres que hay ahora
963 1982 1443 2041 El querer que puse en tí
197 2029 703 2090 son como las cañas verdes,
917 2031 1323 2092 un cuervo se lo llevó,
197 2069 701 2135 por cima tienen la pompa,
919 2074 1484 2137 y en medio de aquellos mares,
915 2122 1350 2181 abrió el pico y lo soltó.
197 2114 632 2179 por bajo los arambeles.
246 2165 727 2222 Aquella mujer que quiere
961 2165 1429 2222 Amigo Blas, he intentado
197 2206 727 2269 mandar mas que su marido,
913 2204 1401 2273 poner mi mujer en venta,
205 2248 685 2311 ¡Santo Cristo del garrote,
911 2257 1378 2318 para comprar un caballo
199 2291 614 2366 leña del Yerbo divino!
913 2297 1413 2372 que me sale mejor cuenta.
