1644 2452
184 153 206 208 2
92 206 650 269 Mas porque sepan el como,
813 194 1365 259 á remontarme hasta el Sol,
87 247 568 308 atención pido, supuesto
813 247 1333 318 sus rayos y luz bebiendo!
815 308 1388 365 Mas hoy, tal amor me incita
85 298 633 369 que cuando mndnn cantar,
87 345 656 420 so halla debido el silencio.
813 351 1412 425 á esta empresa, que pretendo
87 404 635 465 Tuvo el Rey de Dinamarca
811 402 1325 472 casándome el viento alas,
87 453 550 529 una hija toda un Cielo,
811 455 1445 539 como espuelas calzó el viento;
89 516 635 576 un portento de hermosura,
815 506 1261 582 el partir á Dinamarca,
83 559 627 627 como emulación de Venus.
815 559 1302 637 disfrazado en Caballero,
85 615 605 686 Era arrogante y soberbia,
813 606 1349 688 sin (pie nadie me conozca,
815 659 1322 741 á ver si acaso en efecto,
87 668 646 737 y (pie lo litera no es nuevo,
815 719 1335 796 tienes amor por que sola,
81 717 695 796 porque siempre la hermosura
83 770 564 841 es altiva con desprecio.
817 774 1304 847 ó mas acaso encubierto,
81 833 642 894 Discretos Principes muchos
815 831 1230 899 si tu destino te lleva
77 874 562 950 por Esposa la pidieron,
815 876 1259 946 para todo tu despeño:
83 929 576 1001 y á lodos los desechaba,
813 925 1325 1007 Principe de Esparta soy,
815 984 1337 1050 mas hoy seré Aventurero,
79 988 670 1058 porque se hacia el concepto.,
79 1040 568 1107 que el sujetarse á varón
811 1035 1386 1111 que jamás en pechos nobles
79 1091 678 1172 es gran pena, si hay despejo.
813 1087 1345 1162 caben agüeros ni miedos.
81 1138 554 1209 Era pasmo de la Córte,
813 1148 1357 1213 Y lomando de esta suerte,
81 1193 678 1264 mataba a diestro, y siniestro»
813 1189 1251 1260 no galas sino dineros,
79 1246 635 1324 porque en sus ojos traia
815 1242 1292 1315 un caballo, sin criados,
81 1303 640 1366 la vida, muerte, y veneno.
813 1295 1376 1366 cogió un camino bien lejos.
79 1358 640 1428 Mas el Principe de Esparta,
817 1348 1282 1424 Llevó consigo también
77 1407 603 1475 de esta Dama conociendo
817 1401 1235 1473 el Retrato verdadero
77 1463 513 1526 su altivez, y su rigor,
811 1454 1320 1528 de su imágen y presencia
77 1507 664 1581 se filé en amor encendiendo:
815 1503 1249 1579 el Principe Filiberto,
71 1565 556 1636 y fue por haber hallado
805 1554 1445 1642 que este era su nombre propio
79 1622 627 1683 11 n pintor de raro ingenio,
811 1616 1224 1685 y caminando ligero,
73 1665 662 1742 (¡lie le copió esta hermosura,,
817 1671 1306 1745 llegó pues á Dinamarca,
75 1720 617 1787 o Angel en lodo tan bello.
815 1726 1290 1787 el caballo vendió luego,
73 1781 548 1841 En vivos zelos se ardía,
819 1769 1325 1843 y can un vestido humilde
71 1822 592 1898 y decía: Hermoso dueño,
813 1818 1267 1894 andábase á lo secreto,
73 1877 529 1947 si como el Cielo te dió
813 1873 1259 1941 ovendo de la Princesa
71 1928 586 1994 esa hermosura, tu pecho
811 1926 1365 2002 algo en nobles., y plebeyos.
69 1992 566 2051 no fuera diamante duro,
815 1979 1284 2049 Viola una vez que salia
69 2037 625 2110 cuajado en cristales tersos,
819 2035 1310 2108 á su gran divertimiento,
59 2096 572 2157 v con mas benevolencia
811 2092 1343 2159 que era la caza de monte,
69 2147 548 2210 miraran tus ojos bellos;
807 2145 1370 2210 con sus Damas v monteros:
73 2202 631 2272 :oh! como yo me atreviera,
811 2194 1249 2255 y si antes enamorado
73 2245 570 2343 Aguila yo de mí mesmo,
815 2243 1204 2321 bahía vivido ciego,
