1684 2475
908 101 934 171 7
206 140 753 212 Ya que los dejó acostados,
206 206 784 274 cuando ya iba amaneciendo,
204 247 656 323 salió la Misa del alba,
204 313 842 375 cuando el alba ibá, rompiendo,
200 356 681 439 porque quiso Margarita
202 410 747 484 al alba darla un encuentro,
202 472 852 536 y un choque con su hermusura,
204 530 825 594 cara á cara y cuerpo á cuerpo,
206 573 689 641 luz á luz y rayo á rayo,
204 624 691 711 que podia bien hacerlo,
204 676 757 748 A este tiempo Julián vino,
208 734 740 796 cuando de Apolo el lucero
202 789 662 853 rayaba neutrales luces
204 835 681 901 en la lámpara de Febo:
204 897 722 957 cuando el tierno pajarillo
202 942 773 1020 empieza á entonar gorgeos,
202 996 726 1070 y sacudiendo sus plumas,
198 1045 656 1119 desperezándose hueco
202 1109 658 1171 sobre la verde ramilla
202 1150 751 1221 de los chopos y los fresnos
204 1204 652 1272 á vista de su consorte
200 1254 757 1328 del pico afilada el extremo:
200 1317 742 1388 entró Julián en su cuarto,
200 1361 664 1439 descuidado del suceso,
200 1421 778 1487 se fué acercando á su cama
198 1478 784 1546 para dar descanso al cuerpo
200 1522 711 1594 del cansancio de la caza,
200 1573 685 1643 imágcn de sus alientos.
200 1625 757 1707 Descorrió, pues, la cortina,
198 1685 759 1755 á donde estaban durmiendo
196 1734 716 1808 sus dos padres recogidos,
196 1788 718 1862 pagando el natural feudo,
200 1837 629 1911 y cuando vido Julián
198 1893 804 1965 hombre v muger en su lecho,
198 1944 662 2013 estatua de mármol frió
200 2004 778 2081 se quedó de luego, á luego,
198 2056 763 2134 juzgando que era su esposa
200 2105 658 2180 que le hacia adulterio.
208 2165 598 2258 Colérico y enojado,
932 146 1357 220 como león carnicero,
922 202 1397 276 que despedazaba zeloso
928 255 1446 332 chopos, peñascos y leños,
930 317 1434 373 siendo sus agudas garras
932 358 1492 431 los cuchillos mas shngrien
934 418 1380 482 con encendido cor a ge,
932 468 1421 536 echando sus ojos fuego,
930 519 1366 596 el corazón palpitante,
930 581 1393 647 que le salia del pecho,
930 633 1423 697 pálido el rabioso rostro,
932 682 1473 748 arrancó un puñal violento,
930 736 1405 808 y les dió de puñaladas,
932 783 1426 853 dejándolos allí muertos,
932 843 1496 909 revolcándose en su sangre,
932 886 1442 961 téngalos Dios en el cielo.
930 940 1428 1016 Vino después Margarita,
932 1008 1442 1068 y viendo el estregó fiero,
932 1053 1428 1119 le dice esposo del alma,
930 1109 1607 1173 qué estrago es este que has hecho?
934 1157 1601 1237 Sabes que has muerto á tus padres,
924 1210 1481 1287 pues tus padres eran estos?
926 1266 1467 1336 que aquí llegaron á noche
930 1315 1479 1388 en tu busca y seguimiento,
930 1375 1411 1435 en trage de peregrinos,
930 1427 1459 1497 y yo los metí aquí dentro,
924 1470 1399 1542 hospedándolos en casa,
924 1524 1487 1598 y en fin le contó el suceso,
928 1584 1277 1647 lodo lo que pasó;
926 1633 1415 1709 y él atónito y suspenso,
926 1693 1434 1761 pasmado de aquel acaso,
922 1749 1388 1802 arrepentido del hecho,
920 1798 1504 1862 viendo á su esposa inocente,
918 1841 1463 1914 que fué causa de su yerro,
922 1899 1456 1967 aunque ella no tuvo culpa
924 1955 1390 2023 del lamentable suceso,
922 2000 1440 2079 se acordó lloroso y triste
924 2052 1475 2126 de lo que le dijo el Ciervo
924 2103 1500 2178 cuando le siguió en la caza,
924 2161 1525 2244 haciendo en matarle empeño.
