1737 2508
1410 171 1431 227 5
211 227 696 294 un bello infante tuvieron
211 280 696 340 hermoso á las maravillas,
215 321 696 388 y con los mismos cortejos
213 357 779 430 que la infanta fué aplaudido;
217 407 746 476 pero cuando llegó el tiempo
217 451 660 518 de poder ya destetarlo,
219 495 765 555 con otra industria Gualtero
217 539 706 606 la constancia de su esposa
219 583 698 645 quiso probarla de nuevo.
219 627 696 689 Entró donde estaba sola,
221 675 700 741 y como quien de veneno
223 718 677 779 está encendido, le dice:
223 758 645 823 quitar ese niño quiero
225 798 792 869 de mi presencia, pues ambos
225 844 760 909 sois el primer fundamento
227 892 723 955 de mi pundonor perdido,
227 930 658 1007 y muchos estar sujetos
229 982 658 1045 á mi persona rehúsan,
227 1024 693 1093 y á tu hijo por lo menos
227 1070 704 1128 en ningún tiempo darán
232 1107 771 1174 de hijo do marqués respeto;
229 1153 750 1218 salga pues luego de casa. .
232 1201 710 1264 Y con semblante risueño
234 1241 597 1304 dijo Griselda señor,
229 1283 689 1356 ya os dije que mi deseo
236 1337 608 1402 y mi mayor alegría
236 1375 693 1442 es daros gusto completo
236 1417 670 1479 en todo, y así mandad
238 1467 739 1527 lo que tuviereis dispuesto
238 1504 823 1571 que todo cuanto á vosplazga,
238 1552 813 1617 me place á mí pues no temo
234 1594 712 1667 perder á otro sino á vos.
238 1644 668 1703 Estas palabras oyendo
238 1686 737 1745 se salió y llamó al criado
244 1732 765 1795 diciéndole que al momento
242 1770 737 1828 vaya y le quite el infante
244 1816 798 1876 de los brazos, qué tormento!
244 1860 714 1924 Fué el criado y la señora
242 1906 765 1977 persignando al niño bello,
244 1947 758 2012 lo besó, no sin gran pena,
244 1991 696 2054 aunque festivo y sereno
244 2033 739 2100 manifestaba el semblante.
248 2083 813 2146 Dió al criado el niño, y luego
250 2133 643 2188 del aposento se sale,
248 2163 788 2240 y en las manos de Gualtero
248 2213 819 2278 se lo entrega, el cual lo envia
248 2259 723 2324 á Bolonia con el mesmo
246 2307 681 2365 encargo, que le criase
248 2349 675 2407 su cuñado con secreto.
248 2390 700 2462 Pasáronse muchos dias,
930 217 1452 282 que sin sus dos hijos bellos
934 261 1406 326 la triste Griseda estaba:
934 309 1410 376 pero ningún sentimiento
938 357 1367 413 en su rostro conocían,
940 384 1513 466 y aunque alguna vez Gualtero
938 443 1415 503 se los nombraba por ver
940 489 1458 543 si ella haria algún estreno
942 526 1417 585 ó demostración de pena,
940 570 1458 635 jamas consiguió su intento.
940 612 1442 681 Luego después, un rumor
946 666 1406 721 se suscrito por el reino,
944 700 1479 769 pues decían que el marqués,
944 744 1488 810 que estaba muy descontento
944 790 1354 850 de su desigual estado
948 829 1442 900 de matrimonio y por eso
944 886 1398 942 ocultaba sus dos hijos,
946 921 1421 984 que nadie sabia de ellos.
951 965 1467 1030 Y de allí á muy breves dias
946 1013 1354 1076 otras noticias oyeron
946 1061 1532 1122 por las córte; que el marqués,
953 1103 1473 1164 al Papa le envió un pliego,
948 1143 1383 1214 para ver si repudiando
951 1187 1492 1254 la esposa que le dió el cielo,
951 1228 1387 1302 podríase casar con otra
953 1274 1429 1348 por la quietud y sociego
955 1320 1408 1381 de su familia y vasallos.
959 1366 1498 1429 Y después lomó mas cuerpo
959 1404 1507 1473 que el despacho habia vuelto
961 1456 1410 1517 dispensando, y permitía
959 1502 1364 1561 el Pontífice supremo,
961 1538 1484 1600 casáse el marqués con otra.
959 1586 1431 1646 Tales noticias corriendo,
959 1630 1362 1694 empezóse á divulgar,
963 1682 1413 1740 y se prefijaba el tiempo,
961 1717 1436 1782 cuando vendria la novia
963 1759 1500 1822 del marqués, y con acuerdo
963 1807 1350 1870 le remitió con sigilo
961 1849 1440 1916 unos renglones, Gualtero
965 1897 1413 1956 á Panicio, que llevase
967 1943 1458 2002 sus dos hijos al momento,
965 1991 1371 2048 señalando el dia fijo,
961 2029 1500 2094 por lograr mejor su intento.
967 2067 1527 2133 Por fin un dia el marqués,
971 2117 1448 2175 estando todo el congreso
967 2163 1469 2221 convocado, hizo llamasen
967 2207 1444 2269 á Griselda, y con severo,
969 2248 1511 2309 semblante, de aquesta forma
969 2296 1463 2355 le dijo: tened per cierto,
967 2340 1469 2399 esposa mia, que el mundo
967 2380 1492 2453 dá muchas vueltas; por eso
