1612 2285
318 430 1038 496 OTRAS COPLAS AL MISMO INTENTO.
617 1900 722 1963 FIN.
53 2008 1314 2071 NOTA:—Hay concedidas muchasindulgancias por varios Prelados, á todos
15 2048 1131 2121 los que cón devoción rezaren el santo rosario á María Sanlisima.
36 2144 1291 2229 CARMONA:—1856. ímp. de D, J. M. Moreno, Descalzas, núm. 1.
28 165 653 238 Promete la gloria de una eternidad.
699 165 1293 224 Y el cielo nos abren para descansa
182 201 518 258 Venid á rezar, etc.
866 201 1145 262 Salid sin tardar:
28 245 487 304 Son saétas las Ave-Marías,
697 249 1322 306 Que impaciente os espera la Aurora,
26 285 653 342 Que á Luzbel causan herida mortal;
691 283 1318 348 Gustosa de oíros sus glorias cantar.
26 323 647 399 Y son llaves que el abismo cierran,
847 329 1198 394 Venid á rezar, etc.
22 546 583 594 Ya Domingo, promete azucenas,
714 536 1324 590 Labradores, que los campos vuestros
22 575 573 634 Jazmines y lirios ofrece Tomás;
693 569 1320 639 Están pereciendo por la sequedad,
22 618 495 675 Catalina presenta las rosas,
695 613 1238 674 Aeudid, pues, al santo Rosario,
24 662 607 715 Y san Fio Quinto la gracia les dá.
697 668 1318 715 Si copiosas aguas queréis alcanzar.
57 700 592 752 Miró Juan ó esta Reina Divina
733 698 1257 755 Sacudid la coyunda del sueño,
24 742 651 795 Vestida y hermosa cual rayos del sol;
693 731 1349 797 Que á todos convida elbendito Guzman;
20 778 569 834 Coronada su frente de estrellas,
691 774 1255 830 Vamos todos, cogiendo las rosas
22 822 649 875 Y de la luz blanca los pies la calzó.
691 814 1320 872 Que ofrece tan pitras el sacro rosal.
62 856 653 917 Al balcón de los cielos se asoma
737 862 1166 917 Alabar á la Aurora María
19 900 649 957 La Aurora brillante con rostro gentil,
691 900 1320 959 Intentan acordes mi acento y mi voz,
19 944 567 997 Y la aplauden dulcísimamente,
691 938 1240 992 Publicando mi canto el aplauso
20 944 577 1039 Batiendo sus alas avecillas mil.
693 978 1259 1037 Con ecos sonoros del Ave mejor.
60 1028 548 1077 Es María el divino portento
714 1016 1221 1075 Dios te salve, sagrada María,
22 1066 649 1119 Que deja confusa la humana razón;
693 1056 1339 1115 De cielo y de tierra reina Celestial;
20 1098 649 1159 Porque siendo de Dios hija amada;
693 1100 1190 1159 El Señor teelijió por esposa,
20 1140 653 1201 Se humilla áservirnosla madre do Dios
663 1146 1318 1205 Que otra en el mundo no pudo hallar.
59 1182 647 1241 La Judith mas valiente y gallarda,
733 1190 1257 1237 El devoto que mas madrugare
19 1228 647 1289 Que al dragón horrible supo degollar,
687 1226 1274 1285 A coger las rosas del santo rosal,
19 1270 626 1321 Con la gracia que le dió su esposo
685 1260 1196 1327 Hallará una corona de gloria,
19 1308 657 1365 El Eterno, á Vethulia puso en libertad.
687 1308 1320 1361 Que la Virgen María labrándole está.
59 1351 508 1403 A la sierpe tirana y astuta
731 1353 1314 1403 San Miguel, como pesa las almas,
17 1376 649 1445 Que al hombre primero la gracia quitó
687 1376 1316 1445 Las pesa con tiento y con claridad,
19 1430 506 1479 Al impulso del pie de María
687 1424 1318 1485 Para ver la que es mala ó es buena
19 1466 647 1527 Rindió la cabeza el infernal dragón.
689 1466 1276 1523 Para darle cuenta á su Magestad.
62 1508 588 1567 Si David con cinco piedrecitas
729 1517 1318 1567 Al balcón de los cielos se asoma
19 1549 586 1609 Y una honda embistió á Goliath,
687 1538 1343 1609 La Virgen brillan te n uestra emperatriz;
20 1595 567 1641 Con la honda del santo Rosario
687 1589 1219 1643 Y los ángeles todos se alegran
19 1635 647 1694 Puedes al demonio guerra publicar.
685 1624 1316 1690 Dover que el Rosario empiezan salir.
57 1671 523 1725 Es María la caña del trigo,
727 1677 1274 1732 A la Aurora teneis á la puerta,
15 1711 575 1770 San José el árbol, el Hijo la flor,
689 1700 1318 1778 Pidiendo limosna, si le queréis dar,
15 1755 550 1810 Y el Espíritu Santo es el grano
687 1751 1314 1816 Para ayudar de hacerse una ermita,
19 1793 645 1862 Que allí está metido por obra de Dios.
689 1795 1276 1877 Que no tiene dónde poder habitar.
