1676 2412
160 86 503 166 asistieron desiguales
160 138 563 213 a mi infeliz nacimiento.
154 188 694 261 La Luna me dió inconstancias,
158 239 571 309 en la condicion: ingenio
158 285 589 355 Mercurio, mal empleado,
164 341 565 404 mejor fuera no tenerlo;
166 379 545 448 Venus lascivia me dió,
156 430 523 500 y apetitos lisonjeros,
164 488 529 546 y Marte ánimo cruel,
162 522 694 598 qué no darán Marte y Venus?
152 572 579 645 El Sol me dió condicion
162 625 629 691 muy generosa, y por serlo,
158 677 561 735 si no tengo que gastar,
160 715 669 787 hurto, y robo cuánto puedo.
158 763 569 830 Júpiter me dió soberbia
162 812 605 884 de bizarros pensamientos,
160 858 577 930 Saturno, cólera y rabia,
160 914 585 972 valor, y ánimo restelto.
156 958 621 1025 á traiciones; á estas causas
160 1002 609 1069 se han seguido los efectos.
154 1051 603 1115 Mi padre, por las razones
166 1103 593 1171 que callo por su respeto,
164 1155 561 1216 de Italia fue desterrado;
152 1193 641 1268 llegó á Perpiñan, un pueblo
164 1242 682 1320 de España, conmigo entonces
158 1298 615 1360 de diez años , poco menos;
156 1340 585 1411 y á los diez y seis murió,
171 1386 591 1451 téngalo Dios en el Cielo.
162 1437 601 1507 Huérfano quedé en poder
162 1485 567 1555 de mis gustos y deseos,
160 1533 525 1601 por cuyo campo corrí
162 1577 637 1652 sin rienda alguna, ni freno,
162 1626 613 1702 Los dos polos de mi vida
162 1680 575 1742 eran mujeres, y juegos,
158 1730 609 1792 en quien toda lo fundaba;
164 1774 589 1845 mira sobre qué cimiento?
160 1821 500 1885 No te podrá referir
169 1859 621 1939 mi lengua aquí por estenso
171 1915 565 1981 mis sucesos, pero haré
169 1965 589 2032 una breve copia de ellos.
162 2018 583 2078 Por forzar una doncella,
162 2054 674 2130 di la muerte á un pobre viejo
158 2114 609 2178 su padre, y por su mujer,
162 2166 565 2221 á un hourado caballero
164 2204 587 2363 en su cama maté, donde
875 116 1352 162 con ella estaba durmiendo:
867 152 1319 215 y entre su sangre bañado
867 205 1311 263 su honor, teatro funesto
877 239 1460 323 fue el lecho, mezclando entonces
881 289 1261 361 homicidio y adulterio;
869 343 1339 408 y al fin el padre, y marido
877 387 1406 458 por su honor las vidas dieron,
871 438 1408 504 que hay mártires de su honor;
877 480 1327 552 téngalos Dios en el Cielo,
871 524 1319 600 Huyendo de este castigo,
875 580 1412 653 pasé á Francia, donde pienso,
881 631 1331 691 que no olvidó la memoria
879 671 1335 743 de mis hazañas el tiempo;
877 725 1420 789 porque asistiendo á las guerras,
879 775 1368 834 que entonces se dispusieron
867 822 1360 886 entre lnglaterra, y Francia,
881 864 1283 930 yo debajo del gobierno
875 910 1348 980 de Estefáno, buen francés,
879 962 1331 1023 milité, y en un encuentro
877 1011 1346 1071 que se ofreció, me mostré
887 1063 1404 1121 tanto, que me dió por premio
881 1109 1329 1169 de mi valor el rey mismo
873 1147 1319 1224 una bandera. No quiero
883 1197 1205 1264 decirte si le pagué
885 1242 1333 1312 aquella deuda bien presto.
889 1290 1339 1362 Volví á Perpiñan honrado,
877 1336 1416 1415 y entrando á jugar á un cuerpo
877 1392 1289 1453 de guardia, sobre nada
885 1439 1390 1503 di un bofeton á un sargento,
871 1493 1277 1555 maté un capitan y herí
879 1527 1368 1603 unos tres ó cuatro de ellos.
881 1579 1199 1646 A las voces acudió
877 1632 1269 1692 toda la justicia luego,
877 1680 1305 1744 y sobre tomar la iglesia,
881 1726 1339 1792 ya en la resistencia puesto,
883 1778 1335 1839 á un corchete dí la muerte;
887 1823 1315 1885 algo habia de hacer bueno
883 1871 1309 1933 entre tantas cosas malas;
885 1911 1299 1977 téngalo Dios en el cielo.
889 1961 1392 2032 Toméla, en fin, en el campo,
879 2014 1287 2076 en un sagrado convento
889 2060 1317 2120 de religiosas, que estaba
881 2114 1333 2170 fundado en aquel desierto.
879 2158 1221 2223 Allí estuve retirado,
885 2211 1271 2329 y regalado en estremo.
