1737 2508
1201 148 1469 231 (Num. 269.)
526 1222 1055 1279 Si por querer á otro quieres
480 1256 948 1325 que yo la muerte reciba,
487 1312 863 1366 hágase tu voluntad,
484 1350 1017 1421 muera yo, porque otro viva.
183 881 1385 1003 COPLAS GLOSADAS
545 996 1028 1063 EN DECIMAS Y TROVOS,
323 1057 1252 1132 MUY DISCRETAS Y ENTRETENIDAS.
121 1383 624 1452 Ingrata, cruel, homicida,
852 1398 1308 1450 Si me matáran los celos
85 1444 543 1508 pido ni Cielo con enojos
813 1437 1331 1494 viéndote en agenos brazos,
89 1481 572 1544 muerta le vean mis ojos,
813 1475 1300 1536 estrechada en otros lazos,
89 1525 589 1588 con seis velas encendidas;
817 1525 1260 1586 un rayo caiga del cielo:
87 1567 574 1640 pero no, que eres mi vida
817 1557 1379 1626 mas no, que eres mi consuelo
89 1617 549 1682 y dueña de mis haberes;
819 1607 1241 1672 y te adoro con lealtad;
87 1661 583 1728 goza, pues de tus placeres
815 1649 1287 1711 cuando tú con impiedad,
91 1703 614 1761 con el que mas te merezca,
817 1694 1289 1759 me das pesar tan injusto,
89 1745 539 1812 y sea yo el que padezca
817 1738 1348 1803 mas si matarme es tu gusto
89 1782 620 1853 si por querer á otro quieres.
815 1780 1189 1845 hayase tu voluntad.
135 1830 662 1895 Por tu infamia y tu maldad,
865 1830 1249 1885 En fin, hechizo leal,
91 1881 601 1937 falsa, alevosa, inconstante,
821 1868 1314 1931 cuando aspiro á tu desden,
96 1922 528 1983 á puñaladas tu amante,
819 1912 1287 1975 he de morir yo tambien,
94 1968 482 2023 el alma te arrancara;
821 1964 1279 2016 siendo causa de mi mal,
94 2004 566 2073 pero no, que es impiedad
821 1998 1310 2060 muera al filo de un puñal;
91 2054 533 2117 que tu beldad aperciba
823 2041 1325 2106 no, dama, no sé homicida;
96 2094 545 2156 tal pena y dolor reciba,
819 2092 1260 2150 pues me privara la vida
96 2142 549 2207 viva tu hermosa beldad,
821 2131 1245 2192 herida tan penetrante,
100 2186 512 2248 y pues mas razon será
823 2173 1390 2238 vive, mi bien, con tu amante,
98 2221 551 2303 que yo la muerte reciba.
819 2215 1354 2294 muera yo, porque otro viva.
