1737 2508
221 1728 771 1793 A olvidar vanas memorias
173 1772 681 1845 á divertir pensamientos,
175 1828 804 1891 á dar principio á mis ancias,
179 1876 792 1943 (esta es la verdad y lo ciento.)
173 1924 666 1987 Salí, pues una mañana,
175 1970 765 2035 cuando Abril de flores lleno,
171 2023 719 2081 consuela con su fragancias
171 2064 765 2131 los valles, montes y cerros:
173 2117 564 2181 alegre me divertía
167 2163 700 2227 en la maleza y saliendo
169 2215 769 2305 dandole vista á unos montes
902 1728 1429 1793 donde para un arroyuelo,
902 1776 1475 1843 que en derretidos cristales
900 1828 1488 1893 sirve á una selva de espejo:
907 1876 1452 1941 y mirando sus corrientes
898 1931 1446 1991 en una sombra me siento:
900 1970 1362 2037 y acabo de breve rato
902 2029 1400 2090 que estaba sentado, veo
900 2073 1408 2135 que bajaba por el agua
898 2117 1542 2207 un guante el que yo de presto
900 2165 1429 2255 lo saqué de la corriente,
900 2221 1306 2307 y sacudiendolo, veo
1168 334 1408 390 (Número 6.)
413 415 1331 505 Antonio Narvaez y Rosaura.
466 1279 1281 1400 PRIMERA PARTE.
177 1383 1586 1467 DE LOS AMOROSOS LANCES Y PARTICULARES SUCESOS QUE
181 1452 1586 1513 acaecieron á una hermosa dama llamada Rosaura, y á su amante D. Anto-
179 1492 1576 1552 nio Narvaez, natural de Córdoba; dase cuenta del modo con que se des-
181 1538 1576 1603 cubrió á la dama en Sierra-Morena que la guardaba un Oso, y como di-
238 1580 1527 1649 cho caballero lo mató; con todo lo demás que verá el curioso lector.
