1765 2512
508 228 1272 393 DECIMAS.
213 452 1553 546 en las que se esclarecen las ventajas que
343 514 1421 615 difrutan los casados con mugeres
764 588 1009 694 bonitas.
228 768 649 826 Con una muger bonita
184 814 778 875 tiene un hombre un mayorazgo,
184 856 701 921 sin mas trabajo que hacerse
184 904 626 962 un poco el disimulado.
230 990 644 1048 Yo nací desventurado
190 1034 669 1092 de la pobreza en el seno;
188 1075 703 1136 mas como lo malo y bueno
186 1124 722 1176 está en el mundo mezclado,
190 1163 686 1226 la fortuna me lia halagado
192 1207 663 1264 de una manera esquisita:
192 1247 701 1312 como ella dá, y ella quita,
192 1299 693 1360 me legó, á mi la probreza;
192 1339 678 1406 pero me dió mas riqueza
194 1387 611 1442 con una mujer bonita.
240 1429 757 1486 Dirán los hombres que soy
198 1475 678 1532 nacido en signo cabruno,
196 1515 667 1578 Capricornio, todo es uno,
196 1563 703 1620 mas yo voy á lo que voy;
198 1607 684 1670 porque en el dia de boy
200 1651 682 1710 no sudar es un hallazgo;
198 1735 799 1800 paga todo el que entra en ella;
203 1781 651 1840 si, con una muger bella
198 1825 795 1881 tiene un hombre un mayorazgo.
249 1867 772 1927 Cualquiera que haya nacido
205 1913 623 1969 de la fortuna mimado,
205 1959 657 2017 no apetecerá mi estado:
205 1994 734 2057 esto es muy cierto y sabido:
209 2041 730 2103 también yo hubiera querido
207 2084 586 2147 en tal estado nacer:
207 2135 630 2189 en el se ve establecer
209 2172 663 2237 la suerte mas venturosa
211 2216 661 2279 de una prole numerosa,
211 2262 722 2321 sin mas trabajo que hacer.
954 757 1381 822 Mas ya que pobre nací,
912 801 1312 860 aprovechó la ocasión
908 845 1400 910 que no és fuerza de razón
914 885 1396 960 querermo yo propio á mi:
912 925 1413 992 lo honra en el dia es en sí
914 977 1365 1038 un titulo muy gastado;
914 1021 1287 1084 y yo vivo reposado,
917 1067 1321 1126 logro comer y beber,
914 1109 1358 1168 sin otra cosa que hacer
914 1157 1356 1226 un poco el disimulado.
1201 1239 1337 1297 OTRAS
967 1331 1434 1389 Dama que pase de veinte
923 1375 1390 1431 y no le saliese un novio,
925 1406 1455 1479 bien le puede ya ir echando
923 1459 1406 1530 una llave á su escritorio.
969 1551 1413 1611 En vano señora Juana,
927 1590 1350 1651 es el brillante arrebol,
927 1634 1316 1703 la pomada y alcohol
198 1693 806 1752 mi casa es como un portazgo;
927 1685 1457 1739 con que su rostro engalana;
929 1720 1473 1783 esa flor ya no es temprana,
931 1770 1386 1829 ni su colera es naciente,
929 1804 1455 1877 y en este siglo es corriente
931 1856 1339 1915 cosa muy averiguada,
931 1894 1417 1963 que sin novio, es juvilada
933 1942 1406 1999 dama quépase de veinte.
979 1988 1352 2045 Está tan adelantada
935 2024 1371 2095 la humana generación,
935 2082 1373 2137 el amor tan en acción,
937 2116 1373 2177 la pasión tan desalada,
937 2166 1404 2227 que sin aventurar nada,
937 2212 1406 2269 es un argumento obrio,
935 2248 1492 2315 que de si misma es aprobio
