1737 2508
1433 177 1450 196 7
190 192 679 248 esta congoja me ofende,
911 190 1481 248 un page, y dijo á Griselda,
192 234 800 294 y esta aflicción me contrista,
907 231 1513 290 que esté en palacio á otro dia
190 284 783 336 con ljas palabras que hablaba
911 273 1473 332 de mañana, porque importa.
186 317 639 386 las piedras enternecía,
909 317 1440 380 Viendo nueva tan precisa,
190 363 779 426 y al murmullo que formaban
909 361 1427 424 dió el sí; y el mensagero
188 407 716 472 los que en compañía iban
907 409 1300 470 para palacio volvía.
192 451 624 516 de sollosos y suspiros,
909 453 1502 522 Fué Griselda, y á su esposo,
188 497 796 564 ayes que al viento esparcían,
909 491 1404 558 cuando presente la mira,
188 541 739 606 por las calles que pasaban,
909 543 1350 595 con humildad cariñosa
190 587 627 645 á las ventanas salían,
911 583 1385 647 de esta suerte le decía’:
190 635 729 691 acompañando en el llanto.
915 631 1433 691 mándame esposo y señor,
190 672 679 737 Llegó por fin la noticia
911 675 1427 731 en que humillada te sirva
190 714 762 779 al padre que salió en breve
911 718 1507 775 que mi gusto es complacerte.
192 758 595 823 á recibir á su hija.
911 754 1431 825 Dijo Guallero; pues mira,
190 806 723 867 Viendo que tan deshonesto
913 806 1400 869 mañana viene mi esposa
192 856 750 917 trage entre el tumulto iba,
913 854 1339 909 con toda su comitiva
192 894 762 959 llegó á ella, y con penosas
915 892 1496 955 tú has de disponer las mesas
192 936 693 1005 ansias la dijo: hija mia,
913 938 1321 999 para la boda lucida,
192 990 767 1049 no te aflijas, pues yo tengo
913 982 1333 1038 llizolo con humildad;
192 1028 681 1090 en un rincón escondida
909 1013 1517 1084 quién del caso no se admiral
190 1065 691 1141 la ropa que le quitaste,
192 1118 675 1187 cuando de gala vestida,
194 1159 610 1222 te saliste de mi casa
194 1212 668 1266 con contento y alegría;
194 1245 612 1314 para ser feliz esposa
194 1291 796 1356 del marqués que tu desdicha
194 1339 716 1398 sola esa fue. Y  ella dijo:
915 1070 1375 1128 A otro dia de mañana
913 1109 1354 1170 llegó la gran comitiva
915 1155 1448 1216 con la novia del marqués.
915 1199 1371 1262 Salió pues á recibirla
913 1245 1458 1314 aquel Job de la paciencia,
915 1283 1329 1356 y dióla la bienvenida
915 1339 1394 1396 como los demás, alegre.
917 1375 1367 1437 ¡Oh pasmosa maravilla!
194 1383 668 1444 padre mió de mi vida,
194 1419 691 1485 no fui yo la desdichada,
915 1423 1333 1481 Sentáronse á comer,
192 1469 746 1529 que quien tuvo la desdicha
917 1463 1406 1525 y ella á la mesa servia,
192 1511 716 1580 fue mi esposo, que casóse
917 1511 1356 1565 donde fueron asistidos
198 1559 650 1617 con una que no valia
915 1550 1433 1615 con la ostentación debida.
196 1598 656 1661 tanto como él, esa fué
917 1596 1548 1663 Y habiendo dado á Dios gracias
196 1642 716 1705 mi fortuna y su desdicha.
919 1644 1454 1707 dijo el marqués que quería
196 1699 656 1749 Y para aliviar su pena,
917 1680 1442 1753 hacer alli unas preguntas,
196 1734 783 1795 no obstante de que yo viva,
921 1726 1427 1786 que no dejasen sus sillas.
911 1772 1448 1841 Llamó entonces á Griselda
196 1780 756 1845 permito el Papa otra esposa
196 1828 719 1885 á mi esposo, porque sirva
915 1822 1314 1881 y amoroso la decia;
198 1862 731 1929 de paz y quietud á todos.
917 1866 1379 1926 Griselda, qué te paroce
192 1920 633 1972 Yo vengo con alegría
917 1906 1559 1975 de mi esposa? no es muy linda?
194 1960 650 2016 á vuestra casa, señor,
919 1949 1479 2014 no es agraciada? no es bella
919 1993 1481 2056 su perfección? y no es cifra
192 2000 624 2062 para volver á la vida
194 2044 746 2108 como fueron mis principios,
915 2037 1492 2108 de la hermosura, su cuerpo?
194 2094 647 2144 entre pobreza metida.
917 2092 1461 2146 Y ella entonces de rodillas
194 2127 729 2198 Llevósela el padre á casa,
919 2127 1367 2190 dijo delante de lodos:
198 2179 670 2240 y de humilde pastorcita
917 2167 1490 2240 señor, juzgo que en mi vida
198 2225 708 2278 tomó otra vez el vestido.
921 2219 1433 2282 no he visto ni espero ver
198 2261 608 2326 Pasados algunos dias
919 2267 1473 2330 ni el claro sol que registra
200 2307 735 2372 énvió el marqués Guallero
921 2309 1419 2372 con sus reflejos lucientes
198 2353 579 2424 á la aldea referida
923 2361 1362 2499 desde su esfera lucida
