1737 2508
633 213 1147 280 ¡Oh triste de mi, qué haré 1
593 263 1032 317 vístase el alma de lulo,
591 303 1038 369 y que otro coja el fruto
585 342 1022 413 que yo para mi sembré
236 388 729 453 Se encarnó Dios en María
192 434 716 499 en forma de carne humana,
190 476 677 537 quedando tan pura y sana
190 520 698 583 como en gracia concebida,
192 562 624 622 fue tan grande la caída
190 608 633 675 que yo de Adan heredé,
190 649 520 710 y es arliculo de fó
190 689 645 754 que debemos confesar,
186 741 581 800 y si lo llego á dudar,
188 781 689 844 ¡oh triste de mi, qué haré!
232 829 650 890 Formó Dios el Paraíso
186 871 616 932 con infinitos primores,
186 919 727 980 romo frutas, plantas, flores,
186 950 639 1022 a Adan también lo hizo;
186 1005 650 1061 v por haber quebrantado
188 1051 610 1103 a su antojo ó capricho
190 1086 643 1147 lo que le estaba privado
190 1134 700 1193 por quedar dueño absoluto
188 1174 660 1245 del árbol que fue vedado,
192 1220 633 1289 vístase el alma de lulo.
959 392 1440 453 Salió Dios en busca de él,
917 436 1413 495 diciéndole: Adaq, pecaste,
919 482 1352 539 eso fue lo que buscaste
921 522 1310 583 por solicitar muger;
919 570 1341 624 Adan quísose esconder
917 608 1377 670 en un lugar muy oculto;
919 652 1473 714 mas le dice: ¿huyes del susto?
917 695 1448 758 ¿qué te hallas avergonzado?
915 735 1346 802 ven á pagar tu pecado,
911 790 1364 848 y que otro coja el fruto.
961 831 1433 886 Hoy con su sangre divina
917 871 1362 934 redimió Dios el pecado,
917 911 1371 973 solo nos dejó encargado
915 957 1364 1017 su santa ley y doctrina;
913 1005 1333 1065 al cielo nos encamina
915 1042 1318 1105 creyendo su santa fé;
919 1093 1302 1151 y Cristo te dice, que
917 1134 1402 1195 lo tengas en la memoaria,
915 1172 1473 1241 que para el justo es la gloria,
917 1222 1364 1285 que yo para mí sembré.
631 1266 1084 1329 Preso en la cárcel estoy,
583 1318 1028 1371 no tengáis pena por eso,
583 1352 1109 1417 que no soy el primer preso,
581 1402 1034 1458 ni dejo de ser quien soy.
232 1446 775 1508 Con qué amor y qué ternura
181 1490 601 1544 estaba mi buen Jesus,
186 1529 683 1594 pendiente de aquella Cruz
181 1577 675 1632 sufriendo tanta amargura:
181 1615 608 1682 les dijo á las criaturas;
186 1663 614 1724 mira, tu Redentor soy,
181 1709 560 1766 y por tí la vida doy,
181 1747 641 1809 no reparo en tu maldad,
179 1795 610 1858 que por darte libertad,
179 1839 639 1899 preso en la cárcel estoy.
223 1874 656 1941 De tormentos y fatigas,
179 1916 706 1995 de Cruz cargado y prisiones,
179 1966 681 2033 metido entre dos ladrones,
179 2010 660 2075 va el Redentor de la vida:
179 2058 608 2115 miró su Madre querida
175 2094 627 2161 que cayó del grave peso
177 2142 654 2209 de la Cruz, yo lo confieso,
179 2188 587 2248 y fue tanta su agonia,
177 2230 606 2290 que Je&us dijo á María:
177 2278 624 2359 no tengáis pena por eso.
951 1448 1488 1504 Hasta el calvario ha llegado,
911 1481 1429 1546 donde con ánsias mortales,
911 1536 1318 1590 de sus vestidos Reales
911 1571 1350 1638 fue mi Jesús despojado;
909 1617 1425 1684 alli fue en la Cruz clavado,
915 1663 1387 1728 v sufriendo el duro peso,
913 1703 1356 1770 mas no afligido por eso,
913 1755 1254 1812 dijo Jesús á Mana:
909 1793 1350 1855 consuélese, Madre mia,
911 1845 1421 1899 que no soy el primer preso.
953 1881 1477 1945 Con fé y de esperanza lleno,
907 1931 1339 1983 dijo el buen ladrón así:
909 1972 1333 2033 Señor, acordaos de mi
907 2016 1484 2079 cuando estéis en vuestro reino
909 2062 1272 2119 y Jesús dijo sereno:
898 2102 1394 2165 hoy conmigo lias de venir
905 2146 1346 2209 á mi gran reino á vivir;
905 2192 1260 2246 el Paraíso te doy;
902 2240 1438 2296 que aunque clavado me ves,
905 2282 1390 2353 no dejo de ser quien soy.
