1765 2512
182 257 626 332 no lo recibo por serte
188 322 690 387 súbdito ni Dios lo manda,
180 370 736 431 ni por amor que me tienes,
182 420 690 479 segun tu ira me amenaza:
188 460 626 529 recíbolo porque sepan
184 514 690 579 la ocasion de tal jornada,
184 561 669 630 y de qué efecto procede,
196 607 676 678 por el órden de crianza,
186 655 602 736 y por último remate
188 701 783 785 por los ruegos de tu hermana,
194 759 724 824 no me tengo por dichoso,
196 801 688 877 porque de tu mano salga,
190 856 657 925 sino porque lo permite
196 900 743 967 Dios, en quien yo confiaba:
186 948 602 1021 y si dices que señor
196 996 623 1061 eres de la Casa Santa,
196 1040 718 1117 y lo llora el buen cristiano
194 1096 684 1168 algun dia por desgracia:
196 1145 720 1218 guarda tú que no lo llores
198 1191 718 1260 en el cuerpo y en el alma.
203 1241 667 1312 Ahí te envio el sobrino
200 1291 726 1358 Asaybey, que asi se llama
200 1341 605 1413 y Malabey el muerto
205 1387 709 1452 embalsamado en su caja.
209 1438 661 1505 Recibe, señor, el vivo,
203 1482 730 1553 pues Alá asi te lo manda,
207 1534 623 1601 con arreos y preseas
209 1565 808 1655 de Italia, Flandes y España.
207 1639 636 1701 Con una veloz galera,
200 1683 711 1752 de oro y seda entapizada,
207 1733 655 1796 á donde va tu sobrino,
207 1781 657 1844 su persona aposentada
211 1829 682 1890 la librea de los remeros
213 1871 686 1940 es de seda azul y plata.
209 1919 649 2003 Mas de fino carmensí
904 240 1417 324 dos corbertores de cama,
906 307 1404 372 de fino oro de Florencia
908 357 1356 422 labrados á la Toscana
904 397 1383 471 con rapacejos de aljofar
912 456 1367 525 y de soda de Granada;
910 496 1427 567 un Arnés hecho en Milán,
917 550 1453 623 que arcabuz no le mellaba
906 592 1434 661 estoque lindo de Flandes,
917 642 1599 720 que el pomo es de una esmeralda;
912 694 1339 766 y con arábigas letras
917 751 1356 808 toda la baina labrada.
914 789 1352 858 De ébano y de marfil
914 839 1467 908 mesa á la turquesa usanza
906 885 1344 956 almohada de brocade
921 937 1473 1013 por asiento, con tus armas
919 981 1425 1052 como Sultán, sobremesa
921 1029 1595 1109 que en cien doblas se apreciaba;
910 1086 1515 1151 tres mantas franjadas de oro,
910 1134 1419 1201 seis paños de fina grana,
917 1186 1425 1247 con armas de oro reales,
925 1232 1392 1295 de la marca veneciana.
921 1281 1291 1343 Recibe lo referido,
921 1329 1392 1392 no porque te deba nada
925 1369 1517 1442 del presente, que al presente
927 1431 1383 1494 otro mejor no se halla,
931 1471 1465 1544 y si no es cual tú mereces
931 1519 1482 1586 tu gran merecer lo ensalza,
933 1572 1337 1641 y mi buena voluntad
929 1609 1461 1685 sé que enmendará mi falta.
942 1662 1471 1737 Y si miedo en tí no existe,
931 1712 1415 1787 tampoco en mi se halla.
933 1758 1507 1840 Que duerma ó vele Mahoma
933 1814 1394 1877 á mí nada se me daba;
935 1869 1497 1934 sé bien que al infierno vola,
935 1915 1476 2003 segun las penas que pasa.
845 2055 981 2160 FIN.
806 2241 1042 2313 CARMONA:
515 2290 1325 2398 Imp. de D. J. M. Moreno. Descalzas. 1.
