1752 2480
140 208 612 276 en las visitas es donde
140 258 635 338 pasan algunos trabajos,
138 326 649 398 porque allí la sacrifican,
142 382 618 454 y les pican á su salvo
138 431 676 508 en la cintura, en las ligas,
138 498 635 574 entre medias y zapatos,
136 562 668 628 por mantenerse asi tiesas
134 613 620 688 les dan unos picotazos,
130 673 792 748 que hay sorbetones por barba,
136 735 676 808 y mordiscon en los labios,
130 787 599 863 taconazos en el suelo,
134 855 587 925 y rneneon á el jarapo;
128 909 723 996 pero en quedándose á solas,
128 971 608 1041 aqui te quiero gazapo:
130 1025 649 1111 á el agua ó á la candela,
128 1091 701 1169 trabajan entrambas manos,
130 1142 626 1231 unas mueren ahogadas,
874 210 1392 272 otras quemadas en auto,
868 256 1406 336 otras de Conde de Uñate,
870 320 1443 390 en combate ensangrentado:
874 386 1392 454 se alegran y se divierten,
870 436 1396 512 y hay un jolgorio salado:
872 493 1481 572 hay, maldita sean las pulgas,
870 553 1497 630 malditas, que me han breado;
868 613 1371 682 con el gusto de matarlas
872 677 1423 744 tienen un rato muy bravo.
870 741 1509 810 Yo también me alegro mucho,
866 791 1396 863 que hagan estos estragos.
866 851 1381 930 Malditas sean las pulgas,
866 907 1356 985 maldito sea tal ganado,
864 971 1400 1051 y al que no dijere: Amen,
864 1027 1414 1099 que le merienden un lado.
858 1099 1423 1171 Y ya he referido á ustedes
860 1144 1338 1227 de la Pulga los acasos.
734 1630 930 1816 FIN.
616 2219 1005 2281 CARMONA:=4858.
165 2269 1468 2366 Imprenta de D. José M. Moreno, calle Juan de la Cabra núm. 4.
