1765 2512
192 213 535 284 y sin poderse valer,
205 255 607 318 les quitó todas las armas:
194 295 609 364 hice acudir los soldados,
198 341 623 399 y con sogas los amarran ,
194 380 596 445 y antes que fuera de dia,
196 420 546 481 tomamos la caminata
198 456 556 519 de vuelta á Barcelona,
198 500 607 561 y un soldado se adelanta,
198 540 579 596 diciendo al gobernador;
190 571 672 638 desde que España es España,
188 617 701 680 no hubo hombre mas valiente,
194 657 615 713 ni de mas heróica hazaña;
186 694 661 764 él solo prendió los hombres,
190 741 602 799 sin que nadie le ayudara.
192 774 594 835 Victorioso con mi presa,
186 816 605 877 al conde se la entregaba,
188 851 552 910 en ocasion que venian
190 893 584 952 los soldados de la playa,
182 935 600 990 y á su escelencia dijeron:
184 975 535 1029 de turcos una fragata
186 1008 651 1090 á otra que era de cristianos
180 1057 544 1115 se la llevan apresada,
177 1096 540 1147 y aprisa pide socorro.
177 1126 600 1189 Muy suspenso se quedaba
173 1165 586 1230 al oirlo: y dijo entonces;
182 1207 697 1268 mande vuescencia que una barca
175 1249 636 1320 me fleten, y unos soldados,
173 1293 598 1350 y veran cortar mi espada
184 1333 567 1389 cabezas de los paganos,
173 1371 584 1425 si el cielo me dá ventaja
177 1410 535 1463 en poderles alcanzar;
171 1450 563 1505 y al punto se ejecutaba.
175 1490 590 1551 Con valor los marineros
169 1532 579 1580 y con cuidado remaban,
177 1570 544 1624 hasta llegar á abordar,
173 1613 563 1666 y saltando en la fragata,
169 1651 613 1703 cortando brazos y arneces
171 1689 529 1739 sus cabezas derribaba.
171 1722 548 1783 Veinte moros les maté,
159 1762 611 1821 sin que agravio me tocara;
169 1806 556 1863 y viéndose mal heridos,
165 1844 579 1930 todos soltaron las armas,
921 213 1344 293 diciendo noble cristiano,
921 278 1360 334 cese el rigor de tu espada.
919 311 1352 374 Desembarcamos en tierra,
917 351 1352 416 nos hicieron grande salva,
917 393 1316 445 y los cautivos cristianos
914 427 1367 491 por mi la victoria aclaman.
912 473 1281 529 Alegres los caballeros
912 500 1400 581 y el gobernador, me abrazan;
914 552 1296 613 y luego al siguiente dia
912 592 1264 642 se dispuso la jornada
910 632 1264 686 á la córte de Madrid
908 665 1287 724 á contarle las hazañas
910 709 1281 770 de mi valor invencible
900 751 1249 805 al Católico Monarca.
906 780 1432 856 Mandóme el Rey entrar dentro,
910 831 1316 887 y asi que llegué á la sala,
904 860 1310 927 hincándome de rodillas,
900 906 1383 969 me preguntó por mi patria.
902 944 1321 1004 Soy de Morales del Rey,
910 983 1344 1040 y venero vuestras plantas.
906 1019 1304 1080 Generoso me responde:
908 1063 1346 1126 ya es Morales de Pedrajas,
906 1107 1333 1159 y marqués de Santa Cruz,
896 1140 1363 1214 conde insigne do la Habana,
898 1184 1272 1239 de Méjico gran Virey,
898 1224 1287 1283 y general de las armas,
898 1266 1283 1318 caballero comandante.
898 1295 1377 1366 Con doña alberta Constanza
900 1343 1321 1396 es mi gusto que os caseis:
891 1381 1350 1431 en breve los desposaban.
894 1410 1363 1488 Su magestad la dió un dote,
894 1459 1260 1513 el manto que cobijaba
898 1498 1258 1553 con él liberte los reos
898 1534 1339 1593 que tengan algunas causas.
891 1574 1323 1639 Puestos á los pies del Rey
889 1620 1337 1674 rinden las debidas gracias,
885 1653 1339 1720 viviendo los dos consortes
891 1697 1289 1750 con union y paz amada,
889 1739 1283 1793 dando envidias al valor,
894 1777 1293 1840 y asunto noble á la fama.
894 1810 1354 1869 Y aquí Juan Antonio Lopez
879 1852 1333 1940 pide perdon de sus faltas.
820 2070 902 2135 FIN.
659 2233 1057 2327 CARMONA:—1856.
226 2302 1488 2378 Imprenta de D. José M.a Moreno, calle Juan de la Cabra n.° 5.
