1765 2512
175 311 600 372 y no es esto lo peor,
173 362 762 433 después de mis penas todas,
173 399 728 479 sino qué ahora las Damas,
171 464 776 533 que vieron bien mi deshonra,
175 517 665 592 me pegan una matraca,
173 571 789 636 que mejunden las chusconas,
173 615 852 686 donde quiera que me encuentran
173 667 628 747 se dicen unas á otras,
175 720 757 793 que mozo para un empeño,
177 780 678 847 ai va el mozo de la soga:
173 822 776 902 ellas se lo han dicho á todos,
173 881 699 956 no anda por ai otra cosa:
894 519 1398 584 Por esto, Señoras mias,
891 561 1465 638 les pido á ustedes enforma,
898 628 1413 692 que no me lo digan mas,
898 669 1453 745 porque la pena me ahoga,
896 724 1540 799 que yo les prometo á ustedes,
896 772 1442 847 no solo á ustedes, á todas,
896 824 1398 895 de no bolverme á meter
896 881 1543 960 en cosas, que no me importan.
783 1358 1000 1479 FIN
900 307 1285 370 el otro dia ine dijo
898 353 1365 422 á gritos cierta Señora,
900 401 1503 471 como le fué en el Pelambre?
898 458 1463 523 Conque llevo buena honra.
693 2156 1061 2223 CARMOiNA—1858.
247 2202 1494 2292 Imprenta de D. J. M. Moreno, calle Juan de la Cabra núm. 4.
