1765 2512
305 221 337 288 2
173 253 701 339 Y si es un hombre! naita:
177 320 628 380 de la primera guantáa
171 366 651 437 le quito el moo de jablá,
180 433 626 494 vaya un poe, fortunita.
171 471 693 542 Sí algun gaché la camela,
171 540 669 602 aunque sea mu valiente,
180 581 701 646 manque sea una serpiente
169 638 693 707 le tengo de arriar candela.
173 684 678 768 Tú no sabe quien soy yo;
175 741 649 810 no sabe que soy bravío,
180 793 674 864 por dentre y fuera cosío.
175 847 655 910 ardiendo como un farór?
184 900 707 969 Que venga y verá lo güeno
182 958 626 1021 verán ombre! salerito,
173 1015 682 1078 aqui está un moso bonito
182 1057 787 1138 que se vá á tragar el terreno.
180 1113 577 1176 Ha concluio oslé ya?
180 1165 711 1253 por supuesto, ayá voy yo,
188 1224 548 1289 yo nasí mu naturá
182 1270 527 1339 y tengo mas caliá
182 1320 672 1400 que la máquina er vapó:
175 1377 605 1450 no me gusta fachaita,
180 1438 688 1494 ni dirme por los matojos:
186 1488 672 1553 quieo saver cara é carita,
173 1534 751 1618 que quiero por esa personita
184 1590 655 1660 los rayitos de esos ojos.
177 1643 661 1708 Po digamuste quien és:
182 1708 707 1768 Antonio Cruces me yamo,
188 1756 632 1823 criao y nació en Jeré,
175 1810 632 1873 moso con mucho poer,
177 1858 678 1927 y que quiere ser su amo:
177 1907 657 1978 y en diciéndome que sí,
186 1967 611 2028 estreya de la mañana
186 2011 502 2080 matita de jajoli,
188 2072 613 2139 dientesito de marfin,
186 2118 609 2191 le doy mi via, jitana.
188 2172 588 2241 Tengo pa mi salero
182 2225 651 2319 un cuarto lleno é inero
898 255 1363 337 y un barco con puñalá:
894 320 1365 383 está osté mosito güeno?
900 368 1369 435 en jaciendo una chanáa
896 427 1339 494 como no lo puea matá,
894 479 1352 540 salero, le doy veneno.
898 527 1388 600 Conque elija osté, salao,
902 586 1375 655 por quererme va mori?
900 646 1321 701 con eso podrá desí...
894 701 1503 761 que er mundo quea escansao.
910 738 1530 816 =Po si es berdá, moso güeno,
902 793 1327 864 y eso que dise seguro;
900 849 1331 921 no se queará, le juro
906 906 1404 967 ninguna noche al sereno.
900 954 1298 1019 Siga osté tras é mí.
900 1002 1409 1078 —¿Po no boi mejo al lao?
900 1055 1450 1132 —No é igual, cuerpo salao?
902 1109 1409 1182 — Y ella me contesta, si,
900 1161 1383 1232 Compare cuando dicaba
904 1218 1327 1287 aquel moito de andá
904 1272 1430 1337 no jasia masque trompesá
908 1329 1453 1396 con las piedras que jayaba.
908 1377 1465 1450 Yo no se lo que era aquello,
904 1431 1277 1503 lo que si pueo desi
900 1477 1331 1551 que me se queria salí
912 1544 1375 1609 el corazón po el cueyo.
906 1590 1392 1655 Esto, es lo que jago yo
908 1645 1457 1718 cuando pincharo una mosa,
908 1699 1442 1770 muy pulia y muy jermosa
910 1750 1415 1817 me se quita el malumó.
908 1800 1281 1873 Y si pasa, camará,
902 1865 1436 1927 po mi puerta una paqueta,
910 1915 1438 1978 tres patá me dá en la jeta,
914 1963 1310 2032 no lo pueo remediá.
914 2020 1394 2084 Quiero una mosa bonita
919 2072 1406 2143 aunque no sea caballera,
912 2133 1396 2187 me gusta una sigarrera
910 2179 1434 2246 mas que ochenta señorita.
914 2225 1394 2308 Compare, jablo é bera:
