1737 2508
267 1876 727 1945 Corónense de laureles
217 1922 794 1989 todos los guapos de España,
219 1977 685 2050 al oir de un castellano
223 2021 808 2092 triunfos, victorias y palmas,
227 2071 815 2142 y los hombres mas valientes
225 2115 769 2188 humildes le rindan parias
223 2156 848 2234 á este héroe, á este tremendo
219 2215 819 2284 segundo Marte en las armas.
225 2267 804 2357 Nació en la villa de lllescas
951 1853 1576 1935 el gran don Juan de la Tierra,
951 1908 1490 1968 dando aumentos á la fama
953 1954 1588 2021 el gran don Juan de la Tierra,
953 1993 1440 2075 de esclarecida prosapia,
951 2031 1538 2117 aunque un mediano caudal
959 2094 1452 2163 á su padre le acompaña.
955 2140 1433 2219 Diéronle estudios y fué
955 2196 1504 2269 un Séneca en la elegancia
961 2246 1415 2321 y en manejar el acero
1295 273 1511 330 (Num. 23)
330 307 1446 445 DON JUAN DE LA TIERRA.
211 1373 1632 1492 ROMANCE EN QUE SE DA CUENTA Y DECLARAN LOS HECHOS,
209 1433 1628 1529 arrestos y valentías de éste héroe, natural de la villa de Illescas. Dáse
209 1479 1628 1592 cuenta de la reñida pendencia que tuvo en defensa de su rey. Con
518 1536 1321 1611 todo lo demas que verá el curioso lector.
731 1730 1112 1847 PIRMERA PARTE.
