1737 2508
1479 181 1527 286 5
221 209 643 309 partió el uno para el otro,
946 248 1331 300 quedándose atravesada.
219 286 604 349 pareciendo que chocaba
948 282 1387 349 El bruto muy mal herido,
223 326 652 382 un monte con otro monte,
946 328 1352 380 dando saltos se quejaba,
223 365 624 424 y sin remediarse en nada,
948 359 1392 422 sin sujetarse á las riendas,
219 409 616 463 ambos vinieron á tierra,
948 403 1390 463 y temiendo una desgracia,
948 438 1394 507 de él se arrojó don Alonso,
223 445 579 505 y sacando las espadas,
219 486 574 543 armaron tal herrería,
948 474 1354 545 y confiado en la ventaja,
217 518 660 581 que las armas destrozaban.
946 520 1272 574 el Moro le acometió.
217 568 647 620 A los primeros encuentros
944 560 1375 614 Don Alonso al ver llegaba
946 597 1371 654 á dar sobre él el caballo,
215 599 622 660 por una treta impensada
217 639 541 695 el valeroso don Juan
944 637 1410 691 daba un salto y se apartaba.
217 677 675 735 sacó en un muslo una llaga.
951 685 1352 744 Y al Moro le dijo airado;
215 723 652 779 Quiso que volviese al cebo,
948 716 1333 779 si en apearte te tardas,
219 760 614 819 y volviendo sin tardanza
948 756 1352 813 te he de matar el caballo,
217 798 650 858 don Juan ya sobreavisado,
946 787 1450 863 que esa es acción muy villana.
215 836 604 894 señaló una herida falsa:
946 831 1375 898 Con esto el Moro se apea,
217 875 637 934 el Moro acudió al reparo,
946 873 1333 934 y sacando las espadas,
217 917 652 984 cubriéndose con la adarga;
944 917 1354 965 allí empezaron de nuevo
946 946 1431 1017 la sangrienta y cruel batalla.
219 961 610 1011 pero rebatiendo el brazo
217 988 735 1072 don Juan con fuerza y pujanza,
944 992 1371 1053 Tuvo ocasión don Alonso,
217 1032 576 1086 todo un muslo le cortó
944 1030 1377 1093 y como diestro, la espada
215 1067 593 1128 hasta cerca de la caña.
215 1120 604 1170 El Moro quedó burlado,
215 1149 620 1210 y antes que se recobrara,
215 1191 624 1256 alzó su brazo invencible,
217 1228 574 1287 y le dió tal cuchillada,
213 1272 652 1325 que le cerceno el pescuezo:
215 1310 673 1371 le asegundó, y como echaba
217 1348 647 1404 tanta sangre, fue bastante
215 1391 650 1454 á trastornarle de espaldas,
944 1074 1346 1132 se la entró por un vacio,
932 1107 1362 1166 y le dió una herida mala.
938 1151 1371 1205 El Moro airado y soberbio
928 1195 1312 1243 á don Alonso descarga
944 1228 1312 1287 tan desaforado golpe,
942 1264 1367 1331 que el águila que llevaba,
946 1304 1331 1362 le cortó, y en la cabeza
944 1345 1310 1406 una mala herida saca,
948 1385 1289 1446 y picado don Alonso,
944 1423 1348 1481 antes que le asegundara,
215 1427 637 1490 y reboleado en su sangre,
213 1467 631 1525 acabó en mortales ansias.
942 1463 1387 1525 por entre la abrochadura,
215 1513 716 1567 Como don Juan lo vió muerto,
946 1504 1329 1559 y la junta de las armas
215 1542 698 1609 á Dios rindió muchas gracias,
944 1540 1367 1603 la aguda espada le entró,
217 1588 616 1649 y montado en su caballo,
948 1582 1302 1640 y le pasólas entrañas.
213 1628 673 1684 allí hacia un lado se aparta.
944 1626 1367 1680 Cayó amortecido el Moro,
215 1663 599 1720 Mahandon á don Alonso
944 1663 1346 1722 y agonizando allí acaba,
215 1703 579 1759 le dijo: deja que vaya
942 1699 1289 1757 de lo cual dió Alonso
213 1738 719 1797 ahora á vengar de mi hermano
940 1738 1364 1799 á Dios muehas alabanzas:
211 1778 654 1843 la muerte, que esta batalla
942 1778 1329 1832 con el caballo del Moro
211 1822 616 1881 después la concluiremos.
944 1818 1415 1874 fue á donde don Juan estaba
213 1870 589 1922 Don Alonso dijo: calla,
942 1858 1362 1914 don Manuel y Ali Hamete
944 1895 1287 1952 fuertemente peleaban
213 1901 568 1958 y tu defensa procura,
942 1933 1367 1993 á pie, pues ya los caballos
211 1939 725 1998 que en el grado en que se halla
215 1981 675 2037 tu hermano, te verás presto,
942 1975 1377 2035 rendidos del todo estaban,_
942 2008 1442 2071 don Manuel con cinco herida»,
213 2021 670 2079 pues ha de quedar vengada
215 2056 608 2112 hoy de los Abencerrages
938 2054 1360 2117 y el Moro con cinco mala»
215 2098 606 2152 tanl3 sangre derramada.
942 2096 1373 2148 anda al rededor del Moro,
213 2133 566 2194 Encolerizado el Maro,
940 2129 1323 2192 haciendo mil carabanas,
215 2175 614 2236 con furia arrojóla lanza,
940 2165 1406 2230 tirando á diestro y siniestro
217 2219 612 2273 y al revolver don Alonso
942 2209 1287 2267 rebeses y cuchilladas.
217 2259 589 2309 al caballo por la lujada
944 2248 1421 2305 Don Manuel se estaba quicio,
215 2290 668 2367 se le enltó el agudo hierro,
940 2292 1327 2363 aguardando se acercara,
