1737 2508
415 221 846 332 Que mi amor te serviria
365 303 817 380 como amante firme y fiel
374 353 765 426 le dije ayer vida mia,
361 407 731 463 me respondiste cruel
361 440 817 516 que sí, que no, qué seria,
409 493 869 585 El juicio me hace perder
359 541 656 612 tu tirano delirar,
359 587 754 662 pues te veo responder,
353 637 817 714 viéndome en tanto penar,
359 683 948 769 que hoy , que mañana, que áyer.
407 735 902 823 Imposibles me andas dando
357 785 756 854 y luego te contradices:
351 833 811 902 que nos vayamos mirando
359 884 831 950 te mando á decir : y dices,
353 925 965 1019 que ahora , que luego, que cuando.
392 988 769 1047 Galeno con su saber
351 1022 796 1093 por tus estrañas palabras
349 1078 800 1149 no te podrá comprender,
342 1126 819 1193 si mas claro no me hablas.
344 1170 923 1276 quién diablos te ha de entender?
647 1249 702 1314 VI.
397 1308 861 1383 Quise, cuando tú quisiste.
342 1364 877 1431 te ausentaste y tuve ausencia;
342 1421 762 1479 me olvidaste y te olvidé;
340 1467 804 1529 yo contento y tu contenta,
390 1531 879 1615 Cuando yo te ví, me viste,
338 1594 831 1659 cuando me amaste, te amé,
342 1640 819 1703 yo me rendí y te rendíste:
338 1690 762 1757 luego podré decir, que,
344 1738 783 1801 quise cuando tú quisiste.
388 1778 806 1855 lguales sin competencia
342 1828 689 1901 vivimos en esta lid,
334 1885 823 1943 pues no se halla diferencia
340 1935 779 1993 en nuestro querer, y así
338 1977 852 2048 te ausentaste y tuve ausencia.
382 2023 836 2098 Por lo mucho que te amé
338 2073 727 2140 toda el alma te rendí,
340 2121 735 2194 mas viendo tu poca fé
342 2167 681 2242 dejé de quererte, y
342 2215 769 2313 me olvidaste y te olvidé,
1147 231 1661 353 Ya mi contento se aumenta;
1095 303 1586 397 viendo que nos convenimos
1097 365 1527 428 en dejar ya la tormenta
1093 403 1596 491 de nuestro amor, y vivimos
1097 453 1542 549 yo contento y tú contenta.
1392 503 1469 606 VII.
1145 589 1640 664 Todo el mundo me aconseja
1086 639 1507 712 el que no te quiera á tí;
1084 689 1534 758 yo le respondo diciendo:
1084 741 1530 813 nadie me gobierna á mí.
1132 787 1580 896 Cuando mi alma perpleja
1082 850 1473 936 te adora con desvarío,
1091 900 1553 982 porque de amarte no deja,
1086 959 1573 1034 que te aborrezca , bien mio,
1078 1005 1578 1072 todo el mundo me aconseja.
1124 1047 1567 1124 Aunque supiera que mil
1078 1099 1548 1180 muertes me habian de dar
1082 1151 1521 1224 por quererte, cree de mi
1078 1203 1498 1270 no podrian alcanzar
1074 1245 1496 1316 el que no te quiera á ti,
1118 1297 1674 1377 Siempre me están persuadiendo
1068 1341 1607 1414 sobre si es justo ó no es justo
1078 1389 1511 1467 el estarte á tí queriendo,
1072 1444 1523 1508 y que tú eres de mi gusto
1070 1494 1504 1557 yo le respondo diciendo.
1120 1529 1542 1605 Sepan que ya mé rendí
1074 1582 1507 1651 á tus brazos libremente:
1063 1628 1576 1711 sepa todo el mundo, en fin
1070 1682 1553 1751 que en aquesto de quererte
1066 1726 1513 1812 nadie me gobierna á mi.
1344 1803 1433 1885 VIII.
1120 1868 1540 1941 Hice pacto con mis ojos
1063 1929 1509 1993 desde el dia en que te ví,
1066 1979 1521 2037 no querer mujer alguna
1066 2016 1448 2087 habiéndote visto á ti,
1105 2090 1530 2158 Al mirarte sin anteojos
1063 2138 1421 2200 te rendí mi corazon:
1066 2184 1421 2261 disipa ya tus enojos,
1061 2242 1465 2330 porque con justa razon
