1765 2512
827 236 877 301 2
138 301 634 351 escedía á otro Carranza;
144 330 661 399 aquí se cumple el refran,
148 380 732 445 hombre pobre todo es trazas.
144 427 669 494 Sabiendo estas facultades,
140 475 676 544 á rienda suelta se andaba,
140 529 720 592 riñendo algunas pendencias
138 575 661 638 en defensa de las damas.
146 623 697 690 Cumplídos los veinte años,
152 678 602 736 edad florida y gallarda
138 726 586 785 de sus juveniles dias
148 770 669 837 y maduréz de su infancia,
140 822 676 887 en el golfo de sus gustos,
144 872 529 931 eterno consideraba
144 910 707 981 á su padre, mas frustróse
146 967 657 1029 toda su vana esperanza;
140 1011 709 1073 se transformaron sus gozos
140 1063 646 1122 con el anhelo y la carga
142 1105 726 1170 de su madre, y los cuidados
148 1155 667 1218 de su padre le quedaban.
144 1201 594 1270 Mas como la juventud
148 1251 609 1314 en nada pone eficacia,
148 1308 644 1366 arrestado dió la muerte
142 1346 705 1417 á un mancebo de su patria.
146 1400 693 1475 Ausentóse y fué á la Córte,
144 1442 594 1509 tomó de soldado plaza
144 1494 563 1563 en una bandera que
144 1546 640 1611 para Nápoles marchaba,
150 1595 602 1660 y con capa de soldado
154 1647 651 1706 vivia muy á sus anchas.
140 1693 655 1754 Salióse una oscura noche
142 1741 640 1800 á buscar á cierta maja,
150 1785 655 1854 y al pasar por una calle,
146 1829 722 1898 oyó que hablaba una dama,
146 1879 640 1953 porque el éco de la voz
152 1932 628 1994 femenina se mostraba.
150 1978 634 2045 Paróse é hizo el reparo
150 2028 766 2093 que á un caballero le hablaba
150 2078 690 2147 diciendo pòngase en fuga,
136 2124 657 2191 mire que si no le matan;
129 2170 634 2235 á cuyo tiempo llegaron
144 2223 703 2288 ocho hombres con espadas,
140 2269 695 2344 Juan de la Tierra que vió
870 297 1375 347 aquella alevosa infamia,
868 326 1293 391 al lado del caballero
868 387 1352 445 se puso con arrogancia.
873 424 1325 494 Portóse con tal vigor,
873 473 1467 540 que los cuatro en la estacada
879 523 1367 584 fueron á dar residencia
879 571 1377 638 á las celestes moradas,
921 617 1360 684 y los otros hacen fuga,
879 674 1446 730 que como el viento volaban.
879 715 1289 785 El caballero le dice;
870 759 1469 828 ¿Quién eres? cómo te llamas?
877 808 1545 877 Juan de la Tierra es mi nombre,
873 862 1383 927 Illescas mi amada pátria.
873 910 1390 975 Asi le hablaba don Juan
881 958 1333 1027 á la Magestad cesárea
877 1006 1436 1071 del rey don Felipe cuarto,
881 1055 1425 1122 el que al proviso le manda
883 1103 1404 1172 tomase algunos doblones,
870 1155 1363 1222 y tambien la real alhaja
873 1201 1419 1264 de un anillo de diamantes,
879 1247 1354 1312 y que á palacio se vaya
883 1302 1430 1362 luego que amanezca el dia,
885 1346 1356 1419 que será la mejor paga,
877 1400 1404 1461 que él era el mayordomo
883 1436 1448 1517 del rey, y mire le encarga,
873 1496 1333 1565 que no se olvide de ir;
879 1536 1432 1605 adios porque viene el alba.
879 1590 1398 1651 Don Juan colocó su anillo
885 1639 1390 1708 en una bolsa y lo guarda
879 1685 1486 1752 con cuidado dentro el pecho:
881 1729 1559 1804 ( ¡oh, lo que el discurso alcanza! )
883 1781 1430 1846 En tanto que hubo dineros
881 1835 1375 1896 tuvo muchos camaradas.
879 1877 1377 1946 Llegó el dia de partida,
877 1932 1409 1994 á Nàpoles fue la marcha,
885 1976 1335 2045 llegaron á la ciudad,
887 2030 1377 2093 adonde el resto gastaba;
881 2080 1415 2141 viendo no tenia un cuarto
875 2118 1465 2189 y que el hambre le apretaba,
885 2179 1316 2237 acordóse de su anillo.
875 2216 1390 2281 A un platero se llegaba
877 2267 1360 2350 á ver si comprar queria
