1752 2480
215 214 606 297 que tenia, sin amigos,
206 281 632 345 ni esperanza de remedio
210 332 639 392 de aquestas necesidades,
217 378 626 442 para la hermosura apelo
215 427 579 483 de mi fingida mujer.
206 456 750 549 Si hubiera en cuanto he hecho
215 520 680 584 de tener vergüenza alguna.
215 562 603 630 solo la tuviera de esto;
210 609 676 686 porque es la última bajeza
215 657 707 725 á que llega el mas vil pecho,
206 717 649 779 poner en venta el honor,
221 752 686 826 y poner el gusto en precio.
219 812 614 870 Apenas desvergonzado
221 849 659 919 á ella le dí parte de esto,
217 905 680 969 cuando cuerda me asegura,
215 944 614 1008 sin estrañar el intento;
217 992 645 1062 pero apenas á su rostro,
219 1037 695 1107 señor, las espaldas vuelvo,
219 1085 742 1153 cuando huyendo de mí, toma
223 1136 670 1202 sagrado en un Monasterio.
219 1180 711 1250 Allí, por órden de un santo
215 1235 603 1299 religioso , tuvo puerto
217 1277 688 1345 de la tormenta del mundo,
208 1326 697 1397 y allí murió dando ejemplo
210 1376 666 1438 de su culpa y penitencia:
221 1421 655 1488 téngale Dios en el Cielo.
225 1473 717 1535 Yo, viendo que á mis delitos
215 1516 748 1589 ya le viene el mundo estrecho,
213 1574 616 1643 y que me faltaba tierra
221 1614 668 1684 que me sufriese, resuelvo
217 1669 692 1729 el dar la vuelta á mi patria,
215 1715 715 1781 porque en ella por lo menos
221 1760 552 1824 estaria mas seguro
215 1793 796 1882 (como mi amparo y mi centro)
221 1855 637 1919 de mis enemigos : tomo
217 1903 651 1971 el camino, y en fin llego
219 1959 688 2015 á Irlanda, que como madre
213 1998 626 2062 me recibió; pero luego
217 2050 614 2112 fue madrastra para mí,
217 2095 699 2157 pues al abrigo de un puerto
219 2149 603 2203 llegué buscando viaje,
213 2188 680 2250 donde estaban encubiertos
213 2236 595 2302 en una cala corsarios,
204 2285 659 2351 y Filipo, que era de ellos
208 2335 572 2411 general , me cautivó
475 2411 1330 2477 CARMONA: 1858, - Imp de D José M.a Moreno.
932 192 1501 301 despues, señor, de haber hecho
934 274 1323 338 tan peligrosa defensa,
941 310 1433 380 que aficionado á mi esfuerzo
937 359 1272 434 Filipo, me aseguró
939 409 1371 477 la vida. Lo que tras esto
934 465 1350 531 sucedió, ya tú lo sabes,
934 500 1478 582 que fue, que enojado el viento
939 560 1265 630 nos amenazó cruel,
939 603 1342 671 y nos castigó soberbio,
939 655 1429 719 haciendo en mares y montes
937 696 1406 766 tal estrago, y tal esfuerzo,
934 754 1400 810 que estos hicieron donaire
941 795 1390 859 de la soberbia de aquellos,
939 841 1307 911 de trabucos de cristal
939 886 1387 963 combatidos sus cimientos,
939 938 1332 1010 caducaron las ciudades
943 985 1361 1049 vecinas, y por desprecio
945 1037 1348 1101 tiraba el mar á la tierra,
937 1087 1464 1149 que es municion de sus senos,
937 1132 1381 1198 los nácares en sus perlas,
945 1178 1443 1244 que engendra el veloz aliento
937 1227 1358 1293 de la aurora en el rocío,
941 1268 1398 1337 lágrimas de fuego, y hielo.
943 1322 1474 1386 Y al fin, para que en pinturas
945 1370 1404 1434 no se vaya todo el tiempo,
937 1423 1379 1488 se fueron todas sus gentes
937 1465 1332 1529 á cenar á los infiernos.
951 1508 1410 1578 Yo, que era su convidado,
949 1568 1425 1626 ambien me fuera tras ellos,
941 1616 1410 1676 si Patricio, á quien no sé,
937 1661 1383 1727 por qué causa reverencio,
945 1711 1394 1771 mirando su rostro siempre
943 1758 1398 1818 con temor, y con respeto,
945 1806 1330 1866 no me sacára del mar;
947 1843 1418 1922 cuando ya rendido el pecho
947 1899 1356 1963 iba bebiendo la muerte,
939 1946 1344 2008 agonizando en veneno.
945 1990 1443 2056 Esta es mi historia, y ahora
943 2037 1363 2105 ni vida ni piedad quiero,
943 2091 1458 2157 ni que mis penas te ablanden,
941 2134 1466 2205 ni que te obliguen mis ruegos,
943 2192 1418 2248 si no que me dés la muerte,
949 2240 1356 2302 para que acabe con esto
947 2289 1441 2347 vida de un hombre tan malo,
941 2335 1427 2403 que apenas podra ser bueno,
