<?xml version="1.0" encoding="UTF-8"  standalone="yes"?>
<PcGts xmlns="http://schema.primaresearch.org/PAGE/gts/pagecontent/2019-07-15" xmlns:xsi="http://www.w3.org/2001/XMLSchema-instance" xsi:schemaLocation="http://schema.primaresearch.org/PAGE/gts/pagecontent/2019-07-15 http://schema.primaresearch.org/PAGE/gts/pagecontent/2019-07-15/pagecontent.xsd">
  <Metadata>
	<Creator>escriptorium</Creator>
	<Created>2021-12-11T11:57:59.067113+00:00</Created>
        <LastChange>2021-12-11T11:57:59.067149+00:00</LastChange>

  </Metadata>
  <Page imageFilename="Moreno_097_3.jpg" imageWidth="1289" imageHeight="1751">

    
    <TextRegion id="r_3_1"  custom="structure {type:NumberingZone:page;}">
      <Coords points="503,139 598,139 572,194 487,194"/>
      
      
      <TextLine id="tl_3" >
        <Coords points="519,176 521,141 553,144 551,179 550,189 518,189"/>
        <Baseline points="520,178 552,180"/>
        <TextEquiv>
          <Unicode>3</Unicode>
        </TextEquiv>
      </TextLine>

      
    </TextRegion>
    
    <TextRegion id="eSc_textblock_f70de23e"  custom="structure {type:MainZone;}">
      <Coords points="19,197 19,1751 1005,1751 1011,182"/>
      
    </TextRegion>
    

    
    <TextRegion id="eSc_dummyblock_">
    
    
      <TextLine id="tl_4" >
        <Coords points="59,229 59,185 122,185 122,185 122,185 124,185 124,185 125,185 153,195 201,186 201,186 201,186 201,186 202,186 202,186 202,186 204,186 242,196 324,196 343,188 345,186 345,186 347,186 347,186 347,186 348,186 348,186 350,186 354,188 383,195 418,188 423,188 423,188 424,188 471,189 640,194 649,191 659,186 659,186 661,186 661,186 662,186 861,194 862,229 861,237 378,243 376,243 376,243 375,243 375,243 375,243 373,243 373,243 370,240 363,236 287,236 278,242 277,243 277,243 275,243 275,243 275,243 274,243 274,243 274,245 207,245 205,243 179,242 90,234 59,242"/>
        <Baseline points="60,230 91,230 228,229 281,228 376,228 509,232 570,229 691,229 751,228 863,230"/>
        <TextEquiv>
          <Unicode>Esc. Si va está preso, no paseis de raya.</Unicode>
        </TextEquiv>
      </TextLine>

    
    
      <TextLine id="tl_5" >
        <Coords points="58,272 58,237 227,245 233,239 236,237 236,236 236,236 237,236 237,236 237,236 239,236 239,236 239,236 240,236 284,239 332,243 338,240 344,236 345,236 345,236 345,236 347,236 347,236 348,236 451,236 451,236 510,242 541,245 550,242 572,236 573,236 573,236 573,236 575,236 683,243 700,245 708,245 757,236 757,236 759,236 759,236 759,236 760,236 760,236 782,245 792,236 792,236 794,236 794,236 794,236 795,236 795,236 797,236 797,236 797,236 798,236 832,246 830,272 829,288 56,281"/>
        <Baseline points="59,274 86,274 218,274 330,274 477,273 600,274 656,274 832,274"/>
        <TextEquiv>
          <Unicode>Alc. Y tiene puestas calzas de Vizcalla.</Unicode>
        </TextEquiv>
      </TextLine>

    
    
      <TextLine id="tl_6" >
        <Coords points="58,316 59,281 78,288 97,281 103,280 103,280 105,280 105,280 106,280 106,280 131,283 185,288 191,283 194,281 194,280 194,280 195,280 195,280 195,280 197,280 197,280 198,280 251,280 251,280 251,280 252,280 267,284 280,288 287,284 294,280 296,280 296,280 297,280 297,280 297,280 299,280 299,280 299,280 300,280 300,280 302,280 310,285 316,288 328,285 347,280 348,280 348,280 348,280 350,280 350,280 391,287 405,288 408,287 418,280 420,280 420,280 420,280 421,280 421,280 423,280 423,280 423,280 424,280 424,280 443,287 445,287 445,287 478,280 478,280 478,280 480,280 480,280 480,280 481,280 481,280 481,280 497,288 500,290 567,290 567,316 567,325 58,329"/>
        <Baseline points="59,317 135,318 172,317 399,317 569,318"/>
        <TextEquiv>
          <Unicode>Sale Ilomb. Señor Alcalde?</Unicode>
        </TextEquiv>
      </TextLine>

    
    
      <TextLine id="tl_7" >
        <Coords points="58,361 58,323 99,332 108,325 108,325 109,325 109,325 109,325 110,325 110,325 112,325 112,325 182,332 189,325 191,325 191,323 191,323 192,323 192,323 192,323 194,323 194,323 195,323 195,323 213,325 264,332 275,326 281,323 281,323 281,323 283,323 283,323 283,323 284,323 284,323 286,323 286,323 286,323 287,323 291,326 297,331 302,326 306,323 306,323 308,323 308,323 308,323 309,323 309,323 310,323 351,323 351,323 351,323 353,323 353,323 353,323 354,323 354,323 359,328 364,332 373,328 383,323 383,323 385,323 385,323 386,323 483,323 483,323 483,323 484,323 484,323 503,331 510,332 518,331 544,323 545,323 545,323 547,323 547,323 610,332 616,332 618,332 643,323 645,323 645,323 645,323 646,323 646,323 648,323 687,334 686,361 686,369 614,379 614,379 613,379 526,372 502,370 499,373 491,379 491,379 490,379 490,379 490,379 489,379 489,379 489,380 378,380 376,379 376,379 375,379 357,375 338,370 331,375 325,379 324,379 324,379 324,379 322,379 322,379 321,379 321,379 319,379 305,376 281,370 226,377 204,379 204,379 202,379 202,379 201,379 201,379 201,379 199,379 199,379 198,377 188,370 93,370 59,379"/>
        <Baseline points="59,362 83,362 262,362 354,362 437,363 492,362 687,362"/>
        <TextEquiv>
          <Unicode>Alc. Qué hay? que ha sucedido?</Unicode>
        </TextEquiv>
      </TextLine>

    
    
      <TextLine id="tl_8" >
        <Coords points="64,405 62,376 894,375 897,407 894,417 61,412"/>
        <Baseline points="65,406 80,406 263,406 308,406 430,408 486,407 538,407 662,408 711,408 767,407 899,408"/>
        <TextEquiv>
          <Unicode>Ilomb. que el burro de la carcel se ha salido.</Unicode>
        </TextEquiv>
      </TextLine>

    
    
      <TextLine id="tl_9" >
        <Coords points="64,449 64,404 163,418 192,408 192,408 194,408 194,408 195,408 195,408 268,420 322,411 331,410 331,410 332,410 332,410 357,411 427,418 437,414 452,407 452,407 452,407 453,407 453,407 455,407 455,407 455,407 456,407 456,407 458,407 458,407 468,415 472,418 478,415 493,408 493,408 493,408 494,408 494,408 496,408 563,408 563,408 563,408 564,408 564,408 586,418 586,455 585,464 164,464 163,462 163,462 162,462 162,462 160,462 141,455 62,461"/>
        <Baseline points="65,450 90,450 257,451 314,451 418,451 587,456"/>
        <TextEquiv>
          <Unicode>Alc. Esa es gran malicia,</Unicode>
        </TextEquiv>
      </TextLine>

    
    
      <TextLine id="tl_10" >
        <Coords points="195,484 197,450 259,461 395,461 405,453 408,450 410,450 410,450 410,450 411,450 411,450 411,450 413,450 413,450 435,453 462,459 468,455 472,450 472,450 472,450 474,450 474,450 475,450 475,450 475,450 477,450 477,450 477,450 478,450 478,450 489,455 502,461 512,455 519,452 519,452 519,452 521,452 521,452 521,452 522,452 522,452 524,452 524,452 534,456 548,461 570,456 595,452 595,452 595,452 597,452 597,452 598,452 598,452 613,458 623,461 626,458 632,452 632,452 632,452 633,452 633,452 635,452 635,452 635,452 636,452 636,452 637,452 662,458 674,461 677,458 686,452 687,452 687,452 687,452 689,452 689,452 690,452 690,452 690,452 691,452 691,452 708,459 712,461 715,459 726,452 728,452 728,452 729,452 729,452 731,452 848,452 848,452 848,452 849,452 878,462 880,494 878,501 837,510 837,510 837,510 836,510 706,504 675,503 662,504 620,510 620,510 618,510 618,510 618,510 617,510 617,510 604,504 598,503 588,506 563,510 563,510 563,510 562,510 562,510 537,506 521,503 513,506 505,510 505,510 505,510 503,510 503,510 502,510 502,510 502,510 500,510 500,510 500,510 491,506 486,503 322,507 277,509 275,509 275,509 270,509 221,501 195,509"/>
        <Baseline points="197,485 223,492 264,494 398,495 506,495 623,495 677,495 723,497 881,495"/>
        <TextEquiv>
          <Unicode>y es querer burla hacer de la justicia.</Unicode>
        </TextEquiv>
      </TextLine>

    
    
      <TextLine id="tl_11" >
        <Coords points="198,536 197,507 890,504 893,538 890,553 483,545 329,551 306,551 305,551 305,551 296,551 232,544 197,550"/>
        <Baseline points="199,538 230,539 278,537 344,539 432,540 581,544 633,540 699,539 894,539"/>
        <TextEquiv>
          <Unicode>El es un mal nacido, es un bergante:</Unicode>
        </TextEquiv>
      </TextLine>

    
    
      <TextLine id="tl_12" >
        <Coords points="195,582 192,545 303,539 305,539 305,539 305,539 306,539 306,539 308,539 308,539 315,545 318,548 379,548 389,545 426,539 426,539 426,539 427,539 427,539 468,545 475,547 477,545 490,539 490,539 490,539 491,539 491,539 491,539 493,539 493,539 532,547 538,547 541,547 560,539 560,539 562,539 562,539 563,539 563,539 613,547 617,547 621,547 658,539 658,539 658,539 659,539 659,539 661,539 661,539 661,539 662,539 662,539 662,541 670,547 670,548 810,548 811,586 808,596 194,592"/>
        <Baseline points="197,583 318,587 589,583 639,584 812,588"/>
        <TextEquiv>
          <Unicode>andad, notificadmele al instante,</Unicode>
        </TextEquiv>
      </TextLine>

    
    
      <TextLine id="tl_13" >
        <Coords points="195,621 197,582 229,589 297,583 319,582 321,582 321,582 345,585 418,593 475,593 484,586 489,583 490,583 490,583 490,583 491,583 491,583 491,583 493,583 493,583 494,583 494,583 494,583 496,583 500,586 512,595 621,595 640,589 651,586 652,586 652,586 652,586 653,586 653,586 655,586 655,586 655,586 656,586 661,590 668,595 674,590 678,586 678,586 680,586 680,586 680,586 681,586 681,586 683,586 683,586 683,586 684,586 699,590 713,595 718,590 721,588 721,588 722,588 722,588 722,588 724,588 724,588 724,588 725,588 896,595 896,631 893,640 817,636 805,640 797,644 797,644 795,644 795,644 795,644 794,644 794,644 792,644 792,644 792,644 791,644 785,640 775,634 702,640 693,640 691,640 691,640 691,640 690,640 689,640 662,633 627,640 621,640 621,640 620,640 620,640 620,640 618,640 616,640 591,631 580,640 580,640 580,640 579,640 579,640 579,640 578,640 578,640 576,640 576,640 576,640 570,640 528,631 510,639 508,640 508,640 508,640 506,640 506,640 505,640 192,637"/>
        <Baseline points="197,623 262,627 308,627 394,637 458,628 592,627 663,627 758,627 809,628 897,632"/>
        <TextEquiv>
          <Unicode>que si hoy no parece en todo el dia,</Unicode>
        </TextEquiv>
      </TextLine>

    
    
      <TextLine id="tl_14" >
        <Coords points="198,669 197,628 294,636 325,630 332,628 332,628 332,628 334,628 334,628 344,630 381,636 408,630 420,628 420,628 420,628 421,628 421,628 423,628 432,631 451,636 475,631 494,628 494,628 496,628 496,628 496,628 497,628 497,628 506,631 516,636 553,633 594,628 595,628 877,637 878,669 875,681 197,678"/>
        <Baseline points="199,670 339,672 401,672 458,672 646,671 705,671 879,671"/>
        <TextEquiv>
          <Unicode>mañana he de ahorcado en cortesía.</Unicode>
        </TextEquiv>
      </TextLine>

    
    
      <TextLine id="tl_15" >
        <Coords points="64,713 64,668 140,675 151,668 153,666 154,666 154,666 154,666 156,666 156,666 157,666 275,666 275,666 275,666 277,666 284,668 315,678 461,678 491,669 499,668 500,668 500,668 502,668 502,668 503,668 512,669 540,677 557,669 563,668 563,668 564,668 564,668 566,668 566,668 566,668 567,668 567,668 573,669 586,677 598,671 601,668 602,668 602,668 602,668 604,668 604,668 605,668 832,672 833,714 832,722 62,723"/>
        <Baseline points="65,714 80,714 369,715 406,715 538,715 597,724 658,715 834,715"/>
        <TextEquiv>
          <Unicode>IHomb. Notificar? á quien? Ay tal chacona!</Unicode>
        </TextEquiv>
      </TextLine>

    
    
      <TextLine id="tl_16" >
        <Coords points="64,758 64,726 192,729 201,726 214,722 214,722 216,722 216,722 217,722 217,722 217,722 218,722 218,722 220,722 227,726 232,729 246,726 272,722 272,722 272,722 274,722 337,728 366,729 375,728 395,722 397,722 397,722 397,722 398,722 475,728 499,729 516,728 582,722 583,722 583,722 645,729 651,729 652,729 659,722 659,722 661,722 661,722 661,722 662,722 662,722 662,722 664,722 664,722 705,729 708,729 708,729 719,722 721,722 721,722 722,722 722,722 722,722 724,722 724,722 725,722 754,729 756,729 762,729 894,722 896,722 896,722 896,722 897,722 897,722 918,731 916,758 916,773 64,773"/>
        <Baseline points="65,759 88,759 222,759 353,760 519,760 638,760 696,759 750,760 918,759"/>
        <TextEquiv>
          <Unicode>Alc. A quien? almismo burro cu su persona.</Unicode>
        </TextEquiv>
      </TextLine>

    
    
      <TextLine id="tl_17" >
        <Coords points="64,802 64,760 91,760 91,760 91,760 93,760 93,760 93,760 93,760 94,760 94,760 106,770 147,760 151,760 151,760 151,760 153,760 153,760 154,760 154,760 154,760 156,760 156,760 170,770 195,761 199,760 199,760 201,760 201,760 202,760 286,760 286,760 286,760 287,760 296,763 321,770 337,763 338,763 338,763 340,763 340,763 340,763 341,763 341,763 341,763 343,763 343,763 344,763 359,770 364,763 366,763 366,761 366,761 367,761 367,761 367,761 369,761 369,761 370,761 370,761 402,764 467,770 475,766 483,760 484,760 484,760 484,760 486,760 486,760 487,760 487,760 487,760 489,760 489,760 489,760 499,766 508,770 524,766 545,760 547,760 547,760 548,760 548,760 548,760 588,767 610,770 640,767 719,760 721,760 721,760 721,760 722,760 750,768 756,770 760,768 794,760 795,760 795,760 797,760 797,760 878,771 878,802 877,814 62,811"/>
        <Baseline points="65,803 81,803 229,803 346,804 426,804 476,804 529,804 612,803 673,803 879,804"/>
        <TextEquiv>
          <Unicode>IHomb. Si dicen que se ha ido: es desafuero.</Unicode>
        </TextEquiv>
      </TextLine>

    
    
      <TextLine id="tl_18" >
        <Coords points="64,846 64,808 805,814 807,847 805,856 64,857"/>
        <Baseline points="65,847 89,847 281,848 338,852 585,848 636,848 808,848"/>
        <TextEquiv>
          <Unicode>Alc. Pues id, notificádselo al Barbero.</Unicode>
        </TextEquiv>
      </TextLine>

    
    
      <TextLine id="tl_19" >
        <Coords points="64,891 61,859 91,849 93,849 93,849 94,849 124,849 124,849 124,849 125,849 125,849 125,849 127,849 127,849 127,850 134,856 144,849 145,849 145,849 145,849 147,849 147,849 147,849 148,849 148,849 148,849 150,849 176,857 188,849 189,849 189,849 189,849 191,849 191,849 191,849 192,849 376,857 395,849 395,849 395,849 397,849 397,849 398,849 398,849 399,849 439,859 440,859 442,859 497,850 497,850 499,850 553,850 553,850 553,850 554,850 554,850 554,850 572,859 572,859 610,859 769,859 785,850 785,850 785,850 786,850 786,850 786,850 788,850 881,857 922,850 922,850 922,850 924,850 924,850 925,850 957,860 957,891 956,900 64,904"/>
        <Baseline points="65,892 80,892 265,892 327,893 414,893 471,892 522,892 647,897 711,893 817,892 959,893"/>
        <TextEquiv>
          <Unicode>ilomb. Que no está en el lugar, no seais tirano.</Unicode>
        </TextEquiv>
      </TextLine>

    
    
      <TextLine id="tl_20" >
        <Coords points="62,936 56,904 74,894 75,894 75,894 77,894 77,894 78,894 113,894 113,894 113,894 115,894 115,894 115,894 116,894 116,894 116,895 127,904 127,906 167,906 167,904 191,894 191,894 192,894 192,894 194,894 258,894 258,894 258,894 259,894 259,894 259,894 280,904 306,894 306,894 308,894 308,894 309,894 309,894 309,894 310,894 310,894 312,894 312,894 322,901 391,897 392,897 392,897 392,897 394,897 394,897 394,897 395,897 395,897 395,898 401,904 429,894 429,894 430,894 430,894 432,894 432,894 432,894 475,901 547,894 547,894 548,894 548,894 550,894 589,904 589,906 853,906 855,935 853,945 62,946"/>
        <Baseline points="64,937 88,937 282,937 401,938 453,938 592,937 680,936 856,936"/>
        <TextEquiv>
          <Unicode>Alc. Pues vayan al vecino mas cercano.</Unicode>
        </TextEquiv>
      </TextLine>

    
    
      <TextLine id="tl_21" >
        <Coords points="65,980 67,936 102,945 134,936 137,936 138,936 138,936 140,936 140,936 140,936 141,936 144,936 172,945 267,939 310,936 312,936 312,936 312,936 335,939 378,946 519,946 525,942 535,938 535,938 535,938 537,938 537,938 538,938 538,938 579,944 592,945 598,944 617,938 618,938 618,938 618,938 620,938 620,938 620,938 621,938 621,938 636,944 640,946 645,945 652,939 653,939 653,939 655,939 655,939 655,939 656,939 738,946 769,948 773,946 782,939 783,939 783,939 783,939 785,939 785,939 786,939 845,939 845,939 935,949 937,980 932,998 903,990 887,998 887,998 887,998 887,998 886,998 886,998 884,998 884,998 884,998 883,998 883,998 881,998 864,990 734,990 700,996 684,998 684,998 683,998 683,998 681,998 670,995 645,989 629,995 624,996 624,996 623,996 623,996 623,996 621,996 621,996 607,995 570,989 541,993 524,996 524,996 522,996 522,996 522,996 521,996 521,996 521,996 519,996 519,996 516,993 510,989 494,993 481,996 480,996 480,996 478,996 478,996 478,996 477,996 477,996 477,996 475,996 475,996 472,993 467,989 426,992 378,996 376,996 62,987"/>
        <Baseline points="66,981 83,981 347,986 402,982 465,983 638,982 695,982 771,982 938,981"/>
        <TextEquiv>
          <Unicode>Ilomb. Alcalde, yo no entiendo de esa historia.</Unicode>
        </TextEquiv>
      </TextLine>

    
    
      <TextLine id="tl_22" >
        <Coords points="62,1024 59,992 86,979 86,979 86,979 87,979 87,979 89,979 89,979 89,979 90,979 131,992 135,993 183,993 185,990 195,982 195,980 195,980 197,980 197,980 197,980 198,980 198,980 199,980 233,982 233,982 233,982 235,982 235,982 235,982 236,982 236,982 236,983 245,990 246,993 399,993 407,989 416,983 417,983 417,983 418,983 418,983 418,983 420,983 420,983 420,983 421,983 421,983 421,983 432,989 439,993 446,989 456,982 458,982 458,982 458,982 459,982 459,982 459,982 461,982 461,982 500,989 515,990 534,987 580,982 580,982 582,982 582,982 583,982 605,987 635,995 721,992 725,986 728,984 728,983 728,983 729,983 729,983 729,983 731,983 731,983 731,983 732,983 732,983 734,983 734,983 743,986 753,990 759,986 762,983 762,983 763,983 763,983 763,983 764,983 764,983 766,983 766,983 766,983 767,983 778,986 794,990 877,986 878,1025 875,1043 526,1036 502,1041 496,1043 494,1043 494,1043 493,1043 493,1043 493,1043 481,1041 445,1036 401,1041 382,1043 382,1043 381,1043 381,1043 366,1041 326,1034 308,1040 305,1041 305,1041 303,1041 303,1041 302,1041 302,1041 302,1041 300,1041 300,1041 300,1041 299,1041 299,1041 299,1040 290,1034 242,1040 227,1041 227,1041 226,1041 226,1041 224,1041 224,1041 220,1040 204,1034 183,1040 178,1041 176,1041 176,1041 176,1041 175,1041 175,1041 162,1040 118,1033 61,1038"/>
        <Baseline points="64,1025 92,1025 264,1034 351,1027 431,1026 633,1026 879,1026"/>
        <TextEquiv>
          <Unicode>Alc. Hay mas que despachar requisitoria?</Unicode>
        </TextEquiv>
      </TextLine>

    
    
      <TextLine id="tl_23" >
        <Coords points="195,1069 194,1028 547,1030 550,1068 547,1081 194,1078"/>
        <Baseline points="197,1070 375,1071 551,1069"/>
        <TextEquiv>
          <Unicode>Escribano escribid.</Unicode>
        </TextEquiv>
      </TextLine>

    
    
      <TextLine id="tl_24" >
        <Coords points="64,1114 62,1087 89,1087 89,1085 99,1076 99,1075 99,1075 100,1075 100,1075 100,1075 102,1075 102,1075 102,1075 103,1075 103,1075 105,1075 105,1075 128,1084 135,1088 183,1088 189,1082 197,1076 197,1075 197,1075 198,1075 198,1075 199,1075 199,1075 199,1075 201,1075 201,1075 202,1075 202,1075 202,1075 204,1075 204,1075 213,1082 217,1087 227,1082 240,1076 240,1076 242,1076 242,1076 242,1076 243,1076 243,1076 245,1076 245,1076 256,1081 268,1085 286,1081 305,1075 306,1075 306,1075 308,1075 464,1076 465,1114 462,1123 61,1122"/>
        <Baseline points="65,1115 140,1114 186,1112 258,1114 467,1116"/>
        <TextEquiv>
          <Unicode>Esc. Sin dilaciones.</Unicode>
        </TextEquiv>
      </TextLine>

    
    
      <TextLine id="tl_25" >
        <Coords points="64,1157 64,1122 220,1126 235,1122 242,1119 242,1119 243,1119 243,1119 245,1119 245,1119 262,1122 308,1127 359,1122 379,1119 379,1119 381,1119 381,1119 395,1122 432,1127 481,1122 502,1119 502,1119 503,1119 503,1119 503,1119 516,1122 557,1129 570,1122 573,1119 575,1119 575,1119 575,1119 576,1119 576,1119 578,1119 655,1119 655,1119 655,1119 656,1119 664,1122 686,1129 693,1123 693,1122 693,1122 694,1122 694,1122 694,1122 696,1122 696,1122 696,1122 697,1122 846,1122 849,1157 848,1167 62,1168"/>
        <Baseline points="65,1158 90,1158 358,1163 417,1159 558,1159 682,1159 850,1158"/>
        <TextEquiv>
          <Unicode>Alc. Escribid, no gasteis tantas razones.</Unicode>
        </TextEquiv>
      </TextLine>

    
    
      <TextLine id="tl_26" >
        <Coords points="62,1200 61,1161 167,1161 167,1161 167,1161 169,1161 169,1161 169,1161 170,1161 170,1161 170,1162 181,1170 191,1162 191,1161 191,1161 192,1161 192,1161 192,1161 194,1161 194,1161 195,1161 236,1161 236,1161 236,1161 237,1161 237,1161 237,1161 242,1162 267,1174 315,1164 316,1164 316,1164 316,1164 318,1164 318,1164 319,1164 319,1164 319,1164 319,1164 321,1164 321,1164 321,1165 345,1190 611,1190 645,1168 651,1164 652,1164 652,1164 652,1164 653,1164 653,1164 655,1164 753,1170 775,1170 779,1170 818,1161 818,1161 818,1161 820,1161 820,1161 871,1171 872,1200 871,1215 62,1215"/>
        <Baseline points="64,1202 81,1202 262,1202 330,1203 452,1203 511,1204 629,1203 722,1202 873,1202"/>
        <TextEquiv>
          <Unicode>Ilomb. Con un burro no valen esos modos.</Unicode>
        </TextEquiv>
      </TextLine>

    
    
      <TextLine id="tl_27" >
        <Coords points="62,1244 62,1208 128,1215 335,1211 477,1208 478,1208 531,1214 567,1216 585,1214 611,1209 611,1209 613,1209 843,1209 843,1209 843,1209 845,1209 877,1218 877,1246 875,1251 61,1256"/>
        <Baseline points="63,1246 89,1246 239,1247 382,1247 444,1247 501,1247 569,1246 676,1247 757,1246 878,1247"/>
        <TextEquiv>
          <Unicode>Alc. La justicia ha de ser igual con todos.</Unicode>
        </TextEquiv>
      </TextLine>

    
    
      <TextLine id="tl_28" >
        <Coords points="62,1289 59,1256 91,1246 93,1246 93,1246 93,1246 94,1246 94,1246 96,1246 96,1246 119,1254 129,1246 129,1244 129,1244 131,1244 131,1244 131,1244 132,1244 132,1244 134,1244 134,1244 233,1254 388,1247 389,1247 389,1247 448,1254 461,1244 461,1244 462,1244 462,1244 462,1244 464,1244 464,1244 465,1244 465,1244 465,1244 467,1244 499,1254 547,1254 556,1246 556,1244 556,1244 557,1244 557,1244 557,1244 559,1244 559,1244 560,1244 856,1254 905,1244 905,1244 905,1244 906,1244 906,1244 906,1244 907,1244 944,1256 944,1291 941,1301 61,1298"/>
        <Baseline points="63,1290 79,1290 280,1290 339,1291 391,1291 448,1291 505,1292 596,1291 642,1291 756,1291 814,1291 945,1292"/>
        <TextEquiv>
          <Unicode>IHomb. Pues no le ha de salir la vurla en valde.</Unicode>
        </TextEquiv>
      </TextLine>

    
    
      <TextLine id="tl_29" >
        <Coords points="62,1333 59,1298 102,1291 102,1291 103,1291 103,1291 103,1291 105,1291 105,1291 105,1291 106,1291 106,1291 106,1292 110,1297 116,1303 167,1303 182,1294 191,1288 192,1288 192,1288 192,1288 194,1288 194,1288 195,1288 195,1288 195,1288 197,1288 214,1292 236,1300 264,1291 280,1286 281,1286 281,1286 281,1286 283,1286 363,1289 366,1324 366,1340 62,1342"/>
        <Baseline points="63,1334 121,1331 249,1329 367,1326"/>
        <TextEquiv>
          <Unicode>Esc. Ea decid.</Unicode>
        </TextEquiv>
      </TextLine>

    
    
      <TextLine id="tl_30" >
        <Coords points="61,1378 61,1340 715,1343 718,1377 716,1389 61,1390"/>
        <Baseline points="62,1379 89,1379 322,1379 404,1380 457,1381 504,1380 719,1378"/>
        <TextEquiv>
          <Unicode>Alc. Poned. Nos yo el Alcalde::::</Unicode>
        </TextEquiv>
      </TextLine>

    
    
      <TextLine id="tl_31" >
        <Coords points="62,1422 62,1383 467,1384 468,1424 467,1432 61,1435"/>
        <Baseline points="63,1423 80,1423 282,1424 469,1425"/>
        <TextEquiv>
          <Unicode>Homb. Gran principio!</Unicode>
        </TextEquiv>
      </TextLine>

    
    
      <TextLine id="tl_32" >
        <Coords points="61,1467 59,1425 115,1425 115,1425 115,1425 116,1425 116,1425 116,1425 118,1425 118,1425 118,1427 131,1438 170,1438 185,1427 188,1424 188,1424 189,1424 189,1424 191,1424 191,1424 191,1424 192,1424 192,1424 211,1427 264,1435 291,1428 310,1422 312,1422 312,1422 313,1422 363,1422 363,1422 363,1422 364,1422 364,1422 382,1429 397,1434 410,1429 423,1425 424,1425 424,1425 424,1425 426,1425 426,1425 472,1429 497,1432 502,1431 519,1421 519,1421 519,1421 521,1421 521,1421 521,1421 522,1421 522,1421 592,1432 595,1463 595,1478 251,1481 249,1481 249,1481 248,1481 248,1481 248,1481 246,1481 246,1481 237,1473 181,1473 84,1473 62,1483"/>
        <Baseline points="62,1468 123,1468 307,1468 373,1466 414,1469 464,1470 597,1464"/>
        <TextEquiv>
          <Unicode>Alc. Poned ahi á la orilla;</Unicode>
        </TextEquiv>
      </TextLine>

    
    
      <TextLine id="tl_33" >
        <Coords points="192,1511 191,1483 293,1475 294,1475 294,1475 294,1475 296,1475 313,1481 321,1473 321,1473 322,1473 322,1473 322,1473 324,1473 324,1473 324,1473 325,1473 325,1473 326,1473 326,1473 353,1482 379,1473 381,1473 381,1473 381,1473 382,1473 382,1473 430,1481 516,1473 516,1473 518,1473 518,1473 519,1473 519,1473 519,1473 521,1473 521,1473 531,1482 564,1473 566,1473 566,1473 567,1473 567,1473 630,1481 689,1473 689,1473 690,1473 829,1481 853,1473 855,1473 855,1473 855,1473 856,1473 856,1473 858,1473 858,1473 858,1473 877,1483 935,1483 935,1511 935,1520 894,1529 894,1529 894,1529 893,1529 893,1529 891,1529 861,1521 845,1529 845,1529 845,1529 843,1529 843,1529 842,1529 842,1529 842,1529 840,1529 840,1529 840,1529 826,1521 826,1521 820,1521 726,1529 726,1529 725,1529 637,1523 616,1521 192,1524"/>
        <Baseline points="194,1512 577,1512 633,1513 790,1513 937,1512"/>
        <TextEquiv>
          <Unicode>Tenicnte-Alguamacil de aquesta villa::::</Unicode>
        </TextEquiv>
      </TextLine>

    
    
      <TextLine id="tl_34" >
        <Coords points="59,1556 59,1516 662,1516 664,1556 662,1561 618,1570 618,1570 618,1571 545,1571 544,1570 544,1570 543,1570 543,1570 543,1570 541,1570 541,1570 541,1568 535,1562 534,1562 440,1562 437,1564 432,1570 432,1570 430,1570 430,1570 430,1570 429,1570 429,1570 429,1570 427,1570 364,1564 335,1562 321,1565 296,1570 296,1570 296,1570 294,1570 294,1570 268,1565 249,1562 58,1567"/>
        <Baseline points="61,1557 79,1557 369,1557 428,1552 495,1558 665,1557"/>
        <TextEquiv>
          <Unicode>Homb. Teniente? ay tal borrico?</Unicode>
        </TextEquiv>
      </TextLine>

    
    
      <TextLine id="tl_35" >
        <Coords points="59,1600 55,1570 70,1559 71,1559 71,1559 71,1559 72,1559 72,1559 74,1559 74,1559 74,1559 119,1568 220,1559 220,1559 221,1559 221,1559 223,1559 223,1559 252,1570 305,1559 305,1559 305,1559 306,1559 306,1559 350,1567 394,1559 394,1559 394,1559 395,1559 395,1559 397,1559 397,1559 397,1559 398,1559 414,1570 541,1559 543,1559 543,1559 543,1559 599,1571 602,1600 602,1608 586,1616 586,1616 586,1616 585,1616 585,1616 585,1616 583,1616 478,1609 458,1616 458,1616 456,1616 456,1616 456,1618 294,1618 293,1616 293,1616 291,1616 291,1616 291,1616 290,1616 290,1616 281,1609 236,1616 236,1616 235,1616 235,1616 235,1616 233,1616 233,1616 214,1608 213,1608 134,1608 131,1608 122,1615 121,1615 121,1615 121,1615 119,1615 119,1615 118,1615 118,1615 56,1608"/>
        <Baseline points="61,1601 87,1601 243,1602 455,1608 604,1601"/>
        <TextEquiv>
          <Unicode>Alc. No repliqueis, salvaje.</Unicode>
        </TextEquiv>
      </TextLine>

    
    
      <TextLine id="tl_36" >
        <Coords points="62,1643 64,1597 102,1609 124,1599 125,1599 125,1599 127,1599 127,1599 127,1599 128,1599 128,1599 128,1599 137,1600 170,1608 189,1602 201,1599 202,1599 202,1599 202,1599 204,1599 204,1599 205,1599 221,1603 246,1612 305,1612 312,1608 326,1600 326,1600 326,1600 328,1600 328,1600 329,1600 329,1600 404,1612 405,1645 402,1656 59,1651"/>
        <Baseline points="64,1644 77,1644 240,1646 406,1647"/>
        <TextEquiv>
          <Unicode>Homb. No replico.</Unicode>
        </TextEquiv>
      </TextLine>

    
    
      <TextLine id="tl_37" >
        <Coords points="59,1688 55,1653 75,1644 75,1644 77,1644 77,1644 78,1644 129,1644 129,1644 129,1644 131,1644 131,1644 131,1644 132,1644 132,1644 143,1653 144,1654 150,1653 176,1644 178,1644 178,1644 179,1644 252,1644 252,1644 252,1644 254,1644 254,1644 254,1644 255,1644 255,1644 255,1645 264,1653 264,1654 300,1654 310,1653 357,1644 357,1644 357,1644 359,1644 359,1644 360,1644 360,1644 360,1644 362,1644 375,1653 376,1654 382,1653 402,1647 404,1647 404,1647 405,1647 405,1647 464,1653 480,1654 483,1653 497,1645 497,1645 497,1645 499,1645 499,1645 500,1645 500,1645 500,1645 502,1645 525,1653 528,1654 531,1653 548,1644 548,1644 548,1644 550,1644 550,1644 550,1644 551,1644 551,1644 553,1644 553,1644 553,1644 554,1644 569,1653 570,1654 588,1653 708,1643 709,1643 709,1643 709,1643 710,1643 743,1653 754,1643 754,1643 756,1643 756,1643 756,1643 757,1643 757,1643 759,1643 794,1643 794,1643 794,1643 795,1643 795,1643 795,1643 797,1643 813,1653 813,1654 858,1654 861,1686 859,1694 59,1701"/>
        <Baseline points="61,1689 88,1689 222,1691 426,1692 511,1691 595,1691 862,1687"/>
        <TextEquiv>
          <Unicode>Alc. Y Pregonero real con evidencia::::</Unicode>
        </TextEquiv>
      </TextLine>

    
    
      <TextLine id="tl_38" >
        <Coords points="67,1730 67,1691 399,1698 489,1691 496,1691 497,1691 497,1691 497,1691 499,1691 500,1691 525,1698 547,1691 548,1691 550,1691 550,1691 550,1691 551,1691 551,1691 553,1691 554,1691 583,1698 890,1692 894,1732 891,1749 64,1746"/>
        <Baseline points="68,1732 79,1732 381,1735 449,1736 616,1734 675,1735 896,1733"/>
        <TextEquiv>
          <Unicode>Homb. Pregonero un Alcalde! es indecencia!</Unicode>
        </TextEquiv>
      </TextLine>

    
    </TextRegion>
    
  </Page>
</PcGts>
