1752 2480
95 196 508 289 hice pacto con mis ojos.
825 194 1344 281 que mide , ha de ser medido.
142 254 620 345 Dueño mio, siempre en tí
870 248 1406 338 Lo que yo paso no es chanza,
97 310 519 380 está mi alma encerrada,
825 303 1327 384 no es burla lo que padezco,
93 359 568 434 pues nunca se halla en mí,
821 359 1251 425 mi corazon no descansa,
88 419 552 481 porque eres tú su morada
825 400 1327 473 y á mi mismo me aborrezo,
99 454 541 520 desde el dia en que te ví.
819 450 1387 531 Dios perdone á quien es causa.
144 502 556 572 Juro por el sol y luna,
870 496 1307 580 En vano sus fementidos
93 560 500 624 estrellas y firmamento,
827 547 1170 615 cariños yo los creí,
95 609 581 673 que tengo á mucha fortuna
823 589 1321 677 luego advertí eran fingidos,
86 657 515 719 sujetar mi pensamiento,
819 646 1218 715 que yo la culpa no fuí
88 704 517 760 no querer mujer alguna.
823 688 1292 768 de mis trabajos perdidos.
132 748 523 810 A tu pecho me rendí,
870 737 1239 812 Era su codicia avara
97 789 548 863 sin poder hallar consuelo,
821 783 1383 878 contra el que ha sido su amigo,
97 841 566 911 mi corazon no está en mi,
821 837 1236 907 le ha de salir á la cara,
93 894 562 958 nada me gusta en el suelo
814 882 1323 961 muy pronto verá el castigo,
93 936 471 1031 habiéndote visto á tí.
810 934 1323 1004 y advierte que con la vara.
864 973 1427 1074 Me ha querido y he querido
370 981 434 1082 IX.
823 1029 1286 1097 á una ingrata infiel mujer
144 1062 715 1134 Dios perdone á quien es causa
814 1080 1296 1155 y luego me ha aborrecido;
88 1118 541 1182 de mis trabajos perdidos,
823 1130 1247 1200 pero no advierte que el
82 1167 597 1258 y aduvierta que con la vara
812 1167 1346 1291 que mide ha de ser medido.
651 1597 854 1769 FIN.
558 2145 951 2227 CARMONA.—1858.
202 2203 1445 2296 Imp. de D. Jósé M. Moreno, calle Juan de la Cabra n.°4
