1338 1751
796 135 823 189 5
331 178 1110 236 Alc. He de llenar la cárcel de pollinos.
335 223 937 278 Esc. El hombre es inhumano.
333 268 1196 325 Alc. Decidme en qué quedamos, Escribano?
331 315 1117 366 Esc. En que rompió la cárcel el pollino.
330 357 1129 408 Alc. Poned sentencia por el clandestino.
330 404 1118 461 Esc. Poner las señas ha do ser primero.
330 445 687 497 Alc. Del pollino?
331 490 839 550 Esc. Yo así lo considero;
464 535 1067 589 y qué pelo tenia, edad y altura?
331 579 1113 640 Alc. Un pollino,"poned, de mi estatura.
331 621 820 674 Esc. Las señas os alabo.
331 663 1146 719 Alc. Escribano, escribid, con esto acabo.
465 714 1153 764 Y si acaso llegare á vuestras puertas
463 755 1162 812 un pollino de aquestas señas y estas,
465 799 1038 857 le recibáis al punto juramento.
331 843 867 900 Esc. El burro ha de jurar?
333 890 822 941 Alc. Pues no, jumento?
333 935 1101 993 Esc. Alealde, ved que es desatino eso.
333 976 633 1030 Alc. Alguacil?
330 1022 723 1079 Adíe. 2Qué mandáis?
331 1068 747 1123 Alc. Llevadle preso;
464 1113 1126 1168 y tenedme con el un gran cuidado,
464 1154 1026 1208 no se suba al alero del tejado.
334 1199 1057 1254 Esc. El doctrinaros solo os amohína.
333 1240 1153 1303 Alc. Pensáis que yo soy niño de doctrina?
463 1282 629 1338 Llevadle,
337 1330 705 1386 Esc. Alcalde mió.
333 1374 1110 1438 Ale. Es invención, ( llévalo. )
463 1427 1148 1483 porque hoy estoy vestido de Faraón.
463 1466 1105 1524 Vive crispo, que es cosa rematada
463 1510 1111 1565 estorbar á un Alcalde la alcaldada.
331 1558 1206 1609 Sale. 2.Ya le he puesto en la cárcel, señor mió.
331 1602 847 1653 Alc. Pues escribid ahora.
382 1643 1111 1702 2. Es desvario, porque no sé escribir.
330 1695 721 1752 Alc. Cosa perdida!
