1737 2508
1467 158 1486 223 o
940 213 1346 273 Desde que V. se pasea
225 223 725 292 Mi marido fué á las Indias,
894 252 1331 323 por las calles del lugar,
177 273 593 338 por acrecer su caudal;
898 305 1285 367 está perdida la venta
181 319 616 382 trajo mucho que decir,
898 338 1333 411 de las cañas de pescar.
179 357 591 434 pero poco que contar.
942 390 1354 451 Compañerita del alma
229 407 685 466 Yo me llamo Poca pena,,
898 428 1337 501 ¿por donde caminas tú?
181 447 618 520 pariente de Mala gana,
898 474 1333 543 yo camino por la arena
186 489 568 560 y por apellido tengo,
188 537 633 599 á mi no se me dá nada.
900 518 1302 591 y tú por el cielo azul.
944 568 1463 629 Cuando me dieron la nueva
229 585 700 639 Cuando salgo de mi casa,
902 616 1379 675 de que tú no me querías,
186 627 685 687 mi madre se echa á llorar;
900 652 1392 714 se me quedó el corazón...
190 668 631 737 ¡qué lástima de mi niño
905 704 1325 762 lo mismo que le tenia.
186 704 668 779 que me lo van á engañar!
951 746 1341 804 El amor que te tenia
232 754 693 819 En la calle no sé donde,
911 790 1339 852 lo metí en un agujero,
190 802 675 861 mataron yo no sé á quien:
192 844 641 909 el vivo cayó en el suelo,
909 831 1331 894 y como vino el verano
907 873 1442 942 las chinches se lo comieron.
192 892 683 955 el muerto apretó á correr.
955 919 1467 984 Está tu imágen que admiro
238 936 719 994 Niña de los veinte novios,
909 969 1344 1028 tan pegada á mi deseo,
194 982 696 1040 Que con ninguno te casas.
196 1022 677 1086 Si te guardas para un rey
905 1005 1371 1070 que si al espejo me miro
911 1059 1369 1113 en ver de verme, le veo.
198 1070 620 1130 Cuatro tiene la baraja.
244 1116 735 1174 Cuando paso por tu puerta
202 1157 750 1216 Compro pan y voy comiendo,
198 1201 679 1264 Porque no diga tu madre
200 1245 716 1310 Que del aire me mantengo.
246 1287 614 1350 Eres avellana vana,
206 1335 637 1396 Eres almendro sin flor,
206 1379 622 1437 Eres rosal sin capullo,
955 1095 1402 1159 Te pintaré en un cantar
915 1145 1392 1203 la rueda de la existencia,
915 1180 1350 1254 pecar, hacer penitencia
917 1233 1398 1299 y luego vuelta á empezar.
963 1276 1504 1333 Por mucho que el tren corría
921 1320 1465 1381 corre tanto un «yo te adoro,»
915 1364 1421 1425 que era tuya en Valdemoro
204 1423 579 1488 Eres clavel sin olor.
917 1412 1419 1473 y en Aranjuez ya eras mia.
967 1454 1314 1513 Ni contigo ni sin tí
250 1471 714 1529 Niña de los veinte novios
923 1494 1419 1557 hallan mis penas remedio,
209 1513 673 1571 Y conmigo veinte y uno;
921 1542 1404 1598 contigo porque me matas
211 1561 601 1617 Si todos son como yo
204 1596 710 1661 Nunca has tenido ninguno.
921 1584 1431 1651 y sin tí, porque me muero.
969 1628 1607 1690 Nunca aunque estés quejumbrosa,
257 1646 712 1703 En frente del sol saliente
930 1680 1431 1736 tus quejas puedo escuchar,
211 1686 656 1749 tiene mi niña el balcón;
211 1736 656 1795 sale el sol, sale mi niña
925 1713 1475 1782 pues como eres tan hermosa,
928 1761 1433 1822 no le oigo, te miro hablar.
209 1772 633 1841 salen mi niña y el sol.
957 1803 1494 1870 Dios, que nos crió á los dos,
257 1824 670 1883 Eres hermana del sol,
930 1853 1509 1918 podrá hacer que yo me muera,
213 1868 714 1933 prima hermana de la luna,
211 1914 627 1975 sobrina del alabastro,
932 1899 1475 1960 pero hacer que no te quiera,
934 1943 1488 2002 Dios podría... porque es Dios.
217 1958 704 2014 de el alba prima segunda.
976 1987 1444 2050 Las malas son esas penas
261 2000 754 2060 Una estrella se ha perdido
217 2048 658 2110 y en el cielo no parece,
932 2027 1479 2090 que sin matar nos maltratan;
934 2079 1513 2135 las que de un golpe nos matan,
219 2092 706 2152 en tu cuarto se ha metido
936 2119 1436 2175 esas sí que son las buenas.
219 2133 700 2200 y en tu cara resplandece.
986 2163 1429 2225 A una piedra de la calle
265 2181 683 2236 Para guisar esta liebre
942 2209 1323 2267 la contaba mi dolor,
225 2221 593 2284 solo me falta la sal;
946 2255 1316 2311 ¡mira lo que la diría
227 2261 691 2326 ustéd que de sobra tiene
227 2301 733 2384 ¿me la quiere usté prestar?
940 2286 1377 2367 que la piedra se partió!
