1737 2508
255 1690 756 1753 Uté no e ná, uté no e ná,
217 1738 725 1803 uté no e chicha ni limoná,
215 1786 696 1843 uté no e ná, uté no e ná,
213 1824 712 1899 uté no sirve pa enamorá.
516 1912 622 1972 CORO.
261 1956 884 2018 Si viri viri corona in quan quan,
219 2000 591 2067 si viri viri qui ley,
223 2050 652 2108 si viri viri qui negui,
225 2090 802 2150 fuali blanqui li está endiablá.
271 2133 888 2196 Mamita, qué querrá este hombe,
225 2175 808 2240 qué duce está la buena guana!
229 2223 679 2294 que me tira de la saya,
424 1542 1410 1638 EL TANGO AMERICANO.
1222 152 1469 254 (Núm. 253)
760 1059 1053 1134 COLECCION
288 1191 1538 1325 DE CANCIONES ANDALUZAS,
520 1335 1318 1440 PARA CANTAR AL GUSTO DEL DIA.
951 1686 1544 1751 qué duce está la buena guaná!
951 1736 1396 1795 y dice que no me vaya,
948 1774 1527 1832 qué duce está la buena guaná!
953 1820 1373 1881 si no le doy la papaya,
953 1855 1540 1922 qué duce está la buena guaná!
992 1908 1517 1966 A la guaná duce y asucará:
953 1952 1498 2016 que chupa, rechupa y chupa,
955 1987 1538 2054 qué duce está la buena guaná!
953 2039 1517 2102 y cuanto mas chupa y chupa,
957 2081 1540 2150 rechupa y chupa y no sacá ná.
1003 2125 1532 2186 Mi neguito vino é las Indias,
961 2173 1433 2234 toito venia yenito e tiña;
957 2215 1527 2292 mi neguito, paque lo conocas,
