1684 2475
955 1023 1490 1101 le sujetó muchos pueblos,
951 1086 1444 1150 siendo su acero luciente
957 1138 1436 1202 de los enemigos miedo,
961 1185 1461 1260 el terror de los rebeldes
963 1235 1456 1317 y asombro del Universo.
963 1289 1551 1363 Viendo el Rey estas hazañas,
963 1353 1523 1425 premió sus nobles alientos,
961 1406 1364 1474 y su general le hizu
963 1452 1500 1522 honrándole con tal puesto;
961 1505 1479 1586 y cuando supo quien era,
963 1559 1423 1633 y su noble nacimiento,
963 1612 1423 1685 con una ilustre señora
967 1668 1510 1738 le casó luego al momento,
965 1726 1452 1798 que Margarita se llama,
972 1771 1337 1839 cuyo divino sujeto
972 1825 1407 1901 supo unir lo soberano
972 1870 1591 1947 con lo hermoso y con lo régio.
974 1934 1434 1998 Vivia el gallardo mozo
976 1982 1568 2070 muy gustoso y muy contento
976 2037 1452 2112 con su perla Margarita,
972 2087 1428 2165 joya de subido precio,
978 2140 1494 2213 dejando rumbos de Marte
976 2196 1498 2293 por las delicias de Venus.
373 391 1454 534 SEGUNDA PARTE
208 536 1620 639 de la admirable Historia de don Garlos y Lu¬
214 606 1617 728 cinda, y como fueron muertos á manos de su
216 686 1617 787 hijo Julián sin conocerlos él, saliendo cierto el
218 746 1622 870 pronóstico del Ciervo, y como él con su esposa
282 822 1564 944 se fueron a un hospital á hacer penitencia.
284 1039 742 1109 En el pasado romance
229 1089 662 1169 ya dije como salieron
233 1144 645 1218 los padres de Julián
235 1194 813 1272 á búscale, y que anduvieron
237 1247 751 1326 buscándolo por el mundo
233 1309 775 1383 con trabajo y desconsuelo;
235 1355 683 1429 ahora sigo la historia
235 1416 662 1497 y prosigo los sucesos
241 1462 842 1534 de Julián, que fueron tantos,
241 1513 773 1588 que no es fácil de creerlo.
243 1567 811 1635 Salió este mancebo heroico,
243 1627 736 1695 llevando su pensamiento
243 1676 716 1749 á España, donde llegó,
241 1730 645 1800 como referido dejo,
245 1782 697 1854 de Nápoles la famosa,
245 1825 887 1922 y entró á servir al Kcy nuestro
249 1889 734 1959 en la guerra de Aragón,
251 1940 788 2008 donde mostro sus alientos;
251 1992 782 2066 hizo hazañas memorables,
251 2052 784 2122 hizo muy famosos hechos,
251 2097 806 2167 venciendo muchas batallas,
251 2153 815 2229 grandes soldados rindiendo,
255 2206 769 2287 le ganó muchas ciudades,
