1737 2508
190 202 643 282 Tres trages de militar
190 254 698 328 recibireis de buen grado,
190 313 712 384 bordados de seda y plata,
181 363 689 422 con oro muy estremado,
190 401 685 478 forrados de finas martas
188 451 765 518 muertas en monte Tartáreo.
188 497 739 578 Seis tapetes de oro y seda,
188 551 693 618 con un sedal de brocado
196 608 631 675 para arrear la galera
196 654 664 714 donde vais aposentado.
198 704 654 769 Una cama de Turquia,
192 750 668 821 pabellon á lo persiano,
194 787 779 869 cobertor con vuestras armas
194 840 719 917 todo en perlas recamado,
196 890 710 961 un arnés de fuerte acero,
196 944 616 1011 un jaez para caballo
200 992 767 1059 hecho á la turquesa usanza,
200 1040 750 1103 de piedras finas sembrado;
202 1090 737 1151 dos alfanges damasquinos
204 1126 819 1201 con vainas de oro esmaltados,
209 1187 773 1268 y en las correas pendientes
898 186 1404 259 está tu nombre bordado.
913 244 1419 309 En fin, prícipe don Juan,
907 296 1387 357 el presente ya contado
905 344 1429 405 no os lo doy por amistad,
919 376 1521 459 ni por nuedo que he tomado;
909 432 1448 501 dòile yo por mis sobrinos
913 478 1442 558 hijos de aquel desdichado
915 535 1300 601 el famoso Alí Bajá,
921 589 1381 645 el cual era mi cuñado,
925 631 1496 700 muy querido de mi hermana
917 683 1486 746 de mi córte el mas privado,
928 729 1436 802 que los trateis como son,
923 777 1367 848 y asi estoy certificado
928 821 1469 900 que comen á vuestra mesa
923 871 1532 953 y van siempre á vuestro lado.
917 919 1402 999 Alá os lo pague, señor,
928 976 1387 1047 principe muy afamado,
932 1019 1456 1097 y que os guarde de mi ira
936 1065 1396 1139 y de mi poder sobrado,
944 1120 1398 1191 que si Mahoma dormia,
925 1168 1417 1241 ahora estara desvelado.
269 1903 685 1985 A tí Selim el Sultan,
225 1956 794 2031 el que gran señor se llama,
225 2014 641 2077 emperador sin tener
223 2064 687 2129 la ceremonia romana.
227 2110 664 2181 A ti rey de reyes, rey
229 2154 681 2225 por tiránica demanda.
229 2190 900 2271 Yo don Juan de Austraia, menor
234 2250 800 2357 de los de la casa de Austria,
948 1891 1440 1966 de emperadores y reyes
953 1941 1375 2014 de catolica prosapia;
946 1983 1565 2071 conforme á lo que tú escribes,
951 2041 1527 2110 voy respondiendo á tu carta.
961 2090 1425 2158 Tu presente he recibido
948 2140 1507 2209 de grandeza y mano franca
951 2184 1410 2265 por el baja Assam-bey,
953 2236 1377 2321 y privado de tu casa;
589 1563 1249 1680 TERCERA PARTE.
330 1711 1517 1837 De la respuesta que dió don Juan de Austria al Gran Turco.
