1765 2512
94 238 529 305 Visitáronle los Reyes
94 293 575 351 con contento y alegría,
87 337 602 406 y al niño le presentaron
90 380 626 445 el oro, el incienso y mira.
92 429 674 498 Thyéndole desde el templo,
94 481 626 544 se les perdió y con fatiga,
92 533 680 594 sus padres que le buscaban,
92 573 602 638 á cualquiera que veian,
92 619 630 688 le preguntaban, diciendo,
92 667 705 736 si lian visto al bien de su vida,
96 720 607 791 linas mugerespes dieron
96 776 657 837 noticias con que se animan,
96 818 703 887 y en el templo le encontraron,
96 868 609 939 que la Escritura esponia
100 916 584 977 á principes y doctores,
98 971 512 1029 con tanta sabiduría,
98 1008 734 1080 que á contradecir no aciertan,
96 1059 686 1130 pues confundidos se miran.
102 1111 565 1172 Su entretenido recreo
102 1153 565 1224 le encontraba cada dia
98 1195 615 1274 por los sitios escusados
106 1258 565 1320 en el árbol de la vida;
106 1287 661 1377 con las cruces conversaba,
106 1350 590 1415 y de esta suerte decia;
108 1404 544 1461 dulcísima semejanza,
106 1440 642 1507 donde fin tendrá mi vida,
106 1496 615 1561 por eso os estimo tanto,
106 1540 667 1607 cruz amada y cruz querida,
106 1580 743 1657 que me lias de servir de lecho,
108 1636 594 1701 en mis penas y fatigas.
110 1689 745 1760 Cumplió los treinta y tres años
106 1729 550 1800 el Señor, y determina
113 1785 500 1854 caminar á padecer:
113 1823 623 1892 con su madre lo platica.
113 1879 623 1944 Un jueves por la mañana
115 1923 554 1992 la llamaba y la decia:
108 1963 801 2045 ya es tiempo,Madre, ya es tiempo
115 2020 628 2091 de cumplir las profecías;
113 2068 665 2143 yo he de ir á sufrir muerte
119 2118 755 2189 porque el hombre tenga vida.
119 2172 533 2235 Hijo de mi corazón,
121 2218 579 2281 dulcísima prenda mia,
121 2260 680 2344 que me quieres dejar sola
820 232 1329 293 metida en tantas fatigas?
820 280 1425 341 Cristo y su Madre se abrazan
820 326 1275 395 llorando se despedían:
820 372 1323 439 mi bendición os alcance.
818 418 1402 498 Quedaos en paz, hasta el dia
820 473 1308 544 pue subáis á las alturas
822 521 1327 588 á estar en mi compañía.
822 571 1260 632 A su sagrado Colegio
824 615 1381 682 le dio en la cena, su misma
827 661 1457 734 carne y sangre (qué portento!)
827 713 1383 778 y lavó los pies (qué dicha!)
824 761 1264 824 Un atrevido lo vendo
824 814 1310 879 por una infame codicia,
827 854 1381 925 que fueron treinta dineros;
831 910 1388 977 ¡ay Dios, quien tal imagina!
833 962 1312 1023 Solo tres llevó consigo,
831 998 1461 1071 cuando al huerto se encamina,
829 1052 1436 1115 que son Pedro, Juan y Diego,
831 1092 1365 1163 porque de testigos sirvan.
829 1142 1415 1212 Llegé el redentor al huerto,
831 1189 1386 1260 y un poco á orar se retira;
833 1247 1316 1312 hizo oración á su Padre
831 1291 1287 1358 y de esta suerte decia:
835 1333 1360 1410 pase, señor, si es posible,
833 1392 1239 1452 este cáliz de agonía
835 1431 1417 1496 en mí; mas siempre se haga
835 1482 1319 1544 tu voluntad, no la mia.
837 1532 1346 1597 Gotas de sangre le hace
839 1580 1321 1645 sudar pena tan crecida,
837 1630 1371 1695 y un Angel se le aparece,
835 1670 1350 1743 que le conforta y anima.
839 1722 1327 1787 Partióse mas esforzado
841 1770 1272 1835 á su noble compañía,
841 1810 1427 1890 halló que estaban durmiendo
841 1865 1254 1942 y llamándoles decia:
843 1913 1354 1982 velad y atended, amigos,
847 1967 1331 2028 que ya veloces caminan
850 2005 1425 2074 los que vienen á prenderme
850 2059 1306 2131 para quitarme la vida.
852 2114 1356 2172 Llegó Judas el malvado,
850 2156 1478 2225 con su infamo escuadra impía;
847 2198 1432 2283 dijo Cristo á quién buscáis?
852 2258 1306 2357 A Jesús le respondían;
