1765 2512
803 167 864 230 6
129 223 649 276 de la dama en esta forma
131 253 584 326 formalizó sin tardanza.
138 301 586 376 « El referir á su alteza
125 351 617 427 soy mariposa abrazada,
125 399 623 485 por vida vuestra, que es
129 447 548 517 la verdad verificada.
133 491 590 569 La puerta de mi jardin
136 546 686 623 tendreis esta noche franca;
127 594 523 663 el portador guiará,
127 644 734 720 porque no ignora la entrada. »
133 690 640 774 Recibió el tal contenido,
123 743 569 818 fue generosa la paga;
133 789 659 862 y aquella prócsrma noche
131 843 605 908 de ropa corta se arma,
131 883 600 962 con su calada montera
123 942 619 1008 y con su capa de grana,
129 983 678 1065 tambien su par de pistolas,
129 1036 600 1109 para su defensa guarda.
121 1071 621 1155 Tocó del relox las once,
127 1128 630 1201 y á la diligencia marcha.
119 1172 630 1249 Entró don Juan, y quedó
119 1232 577 1299 el otro de retaguardia.
123 1266 669 1354 Pasados los cumplimientos
125 1327 716 1400 que entre los amantes pasan,
123 1375 598 1442 disfrutó tiernas caricias
125 1421 693 1500 en alfombras de esmeraldas.
119 1463 659 1546 Pasados ya los seis meses,
115 1519 682 1595 cuenta à su amante le daba,
123 1565 563 1639 suplicándole amorosa
123 1616 657 1685 que se vinieran á España
125 1668 669 1737 que se considera en cinta
117 1716 609 1787 y se siente embarazada.
121 1754 609 1831 El la respondió diciendo
115 1810 672 1888 que algo atrasado se halla,
119 1863 644 1932 que á su padre le robase
123 1911 651 1982 para el viaje que aguarda.
119 1961 523 2022 A su padre le quitó
123 2001 628 2078 cantidad de oro y plata,
121 2055 592 2120 y disponiendo el viage.
113 2105 716 2179 que el dinero mucho alcanza,
108 2156 552 2223 una tenebrosa noche,
110 2206 571 2290 hasta la playa romana
866 236 1388 299 un bergantin les condujo,
858 263 1365 347 á donde hizieron parada;
864 314 1434 397 hasta que yendo en camino,
858 362 1394 441 muy claramente le habla,
860 410 1375 494 diciendo que es labrador,
862 468 1373 535 y no príncipe de España,
858 512 1400 590 que el real anlllo que vió,
856 563 1381 632 se lo dieron y esto basta.
858 600 1453 686 En fin, se la trajo á Illescas,
841 661 1350 730 á donde se desposaban,
850 711 1396 776 y con el caudal compraron
850 757 1394 833 gran nùmero de labranza.
856 803 1337 877 Dejemos á los amantes
856 847 1440 925 con gran reposo en su casa.
858 891 1371 977 Viendo pues el mercader,
852 954 1293 1019 que la hija le faltaba
856 998 1333 1071 y el príncipe no parece,
858 1048 1346 1117 previno pasar á España.
856 1096 1419 1165 En breve tiempo en la Córte
852 1147 1383 1218 estuvo, y haciendo árduas
856 1189 1331 1268 diligencias con secreto,
852 1239 1325 1316 á todos les preguntaba
856 1285 1369 1362 por el príncipe don Juan,
847 1335 1352 1406 hijo del cuarto monarca.
858 1379 1360 1463 Le dicen pase á palacio,
854 1438 1375 1503 que allí darán esperanzas.
854 1477 1425 1563 Entró en fin, y pregutanndo
854 1536 1360 1605 por la Magestad cesárea,
852 1582 1327 1645 le dan el pase y subió.
852 1622 1329 1697 Hizo las acostumbradas
845 1680 1321 1752 cortesías que se deben,
852 1720 1377 1796 diciéndole estas palabras:
854 1770 1293 1848 de Nápoles he venido
854 1812 1457 1900 solo á besar vuestras plantas,
854 1875 1302 1942 y á suplicaros, Señor,
847 1923 1306 1992 el que justicia se haga
852 1971 1406 2051 con quien me robó mi hija,
843 2020 1390 2089 y se la ha traido á España.
850 2066 1293 2137 A Nápoles fué, Señor,
845 2118 1392 2185 un hombre que se llamaba
839 2162 1413 2233 Juan de la Tierra, y me dió
831 2214 1239 2298 aquesta real alhaja,
