1648 2404
120 218 555 280 Una corona le trazan
120 262 675 336 con setenta y dos espinas,
118 312 601 378 traspasando su cerebro
116 362 645 426 aquellas puntas malignas.
116 408 623 474 Amarrado á una columna
114 460 741 526 el que es la inocencia misma,
116 502 623 574 seis verdugos lo azotaron
116 552 497 619 con rigor y tiranía.
112 605 617 669 Con ramales y con varas,
110 647 619 717 garfios, cadenas impías,
112 699 669 771 cinco mil golpes le dieron,
112 751 617 813 que los huesos se veian.
112 787 585 863 Lastimóse de él Pilato,
112 841 563 909 y por ver si les movia
108 885 617 961 á un balcón asi le asoma,
108 933 569 1003 y Ese Homo les decía,
108 973 715 1055 tened piedad de este hombre.
106 1031 739 1103 Y el vil pueblo á una voz grita:
106 1077 691 1155 crucifícale, á qué aguardas?
106 1125 569 1199 Por librarle, proponía
106 1189 591 1240 debía soltar á un preso
106 1222 663 1300 por la Pascua, y le pedian,
106 1272 665 1344 que á Barrabas les soltase,
110 1328 613 1390 y que si asi no lo hacia
106 1380 587 1430 era enemigo del César.
106 1422 635 1494 Viendo tal mortal envidia,
106 1468 613 1534 lavadas antes sus manos
102 1512 659 1584 esta cruel sentencia firma;
98 1566 707 1634 que en una Cruz muera Cristo.
102 1612 589 1680 A cuestas se la ponían,
102 1658 685 1736 y moviéndole á empellones,
104 1710 513 1778 á pocos pasos caía.
100 1758 659 1827 Los pregoneros clamaban,
102 1809 609 1877 y sus clamores decian:
98 1861 635 1925 ya viene el sacro Cordero
100 1901 637 1969 á ofrecer muerte por vida.
100 1961 707 2023 Cayó en tierra por tres veces,
104 1997 589 2069 y una muger compasiva
104 2053 585 2111 con la toca que llevaba
100 2103 633 2163 su rostro sagrado limpia.
100 2139 603 2215 Llegó Cristo (qué dolor!)
100 2191 583 2265 al Calvario (qué fatiga!)
844 226 1369 294 donde los crudos sayones
844 270 1355 340 las vestiduras le quitan.
842 314 1425 396 Tienden la cruz en el suelo,
842 366 1325 440 y tres barrenos le fijan
840 418 1305 484 enclavando su persona
840 466 1423 540 con tres clavos (qué agonía!)
838 510 1297 580 Le levantaron en alto,
840 560 1321 627 y cuando ansioso dccia;
838 611 1445 683 tener sed, aun por mas penas,
842 653 1395 729 hiel y vinagre le aplican.
836 701 1395 779 Dos ladrones le acompañan,
838 751 1224 823 y el paraíso ofrecia
836 799 1323 867 al que pidió se acordaso
836 853 1421 921 cuando en su reino estaría.
832 893 1369 969 En las manos de su Padre
834 939 1343 1011 Cristo su Espíritu envía;
836 985 1345 1067 luega inclinó la cabeza,
834 1041 1319 1111 en señal de que moria;
838 1093 1451 1165 peñas y aun montes sé parten,
838 1137 1369 1210 el sol y luna se eclipsan.
834 1181 1323 1258 Para mas mofa trageron
834 1230 1365 1308 á Longínos, que no veia,
836 1286 1291 1350 y dándole una lanzada,
830 1330 1232 1402 el corazón le partía;
832 1380 1365 1444 de él salió sangro y agua
830 1426 1361 1498 con que recobró la vista;
832 1478 1337 1546 y reconociendo el yerro,
830 1520 1337 1592 llorando el perdón pedia.
830 1570 1339 1644 El cuerpo pidió á Pilalo,
830 1620 1172 1678 José Abarimatia,
830 1670 1335 1740 Nicodemus y él lo bajan,
834 1716 1263 1782 y tristes lo depositan
828 1758 1409 1837 en los brazos de su Madre,
830 1807 1311 1881 que estaba casi sin vida;
832 1861 1361 1931 todo lo insensible siente
830 1905 1259 1977 viendo llorar á María.
826 1963 1331 2027 A la tarde lo enterraron,
830 2009 1283 2075 y el domingo resusita,
828 2061 1307 2121 para subirse á la gloria,
826 2099 1309 2169 la cual tiene prometida
826 2155 1381 2217 á quien su ley y preceptos
826 2195 1305 2261 observase en esta vida.
108 2291 1507 2367 CARMONA;—1856. Imp. de D. J. M. M. calle Juan de la Cabra n.
