<?xml version="1.0" encoding="UTF-8"  standalone="yes"?>
<PcGts xmlns="http://schema.primaresearch.org/PAGE/gts/pagecontent/2019-07-15" xmlns:xsi="http://www.w3.org/2001/XMLSchema-instance" xsi:schemaLocation="http://schema.primaresearch.org/PAGE/gts/pagecontent/2019-07-15 http://schema.primaresearch.org/PAGE/gts/pagecontent/2019-07-15/pagecontent.xsd">
  <Metadata>
	<Creator>escriptorium</Creator>
	<Created>2021-12-11T11:57:56.086382+00:00</Created>
        <LastChange>2021-12-11T11:57:56.086425+00:00</LastChange>

  </Metadata>
  <Page imageFilename="Moreno_292_3.jpeg" imageWidth="1777" imageHeight="2570">

    
    <TextRegion id="r1"  custom="structure {type:MainZone;}">
      <Coords points="234,24 231,2238 965,2238 985,27"/>
      
      
      <TextLine id="r1l1" >
        <Coords points="297,107 295,77 788,79 790,109 786,128 293,122"/>
        <Baseline points="299,108 324,107 350,107 376,107 402,106 428,106 454,106 480,106 506,106 532,106 558,106 584,106 610,107 636,107 662,108 688,108 714,109 740,109 766,110 792,111"/>
        <TextEquiv>
          <Unicode>hablando con una Dama;</Unicode>
        </TextEquiv>
      </TextLine>

      
      
      <TextLine id="r1l2" >
        <Coords points="293,154 291,115 467,104 469,104 850,119 853,160 850,190 683,190 681,188 681,188 679,188 662,184 619,171 580,182 565,184 563,184 563,184 561,184 561,184 561,184 559,184 559,184 559,184 550,179 538,173 503,177 478,182 478,182 475,182 475,182 475,182 473,182 473,182 473,182 471,182 471,182 471,179 467,177 458,169 394,175 317,182 317,182 315,182 315,182 312,182 312,182 287,171"/>
        <Baseline points="295,156 324,156 353,157 383,157 412,157 442,157 471,157 500,157 530,158 559,158 589,158 618,158 648,158 677,159 706,159 736,159 765,160 795,160 824,161 854,162"/>
        <TextEquiv>
          <Unicode>pasó, el sombrero quitando,</Unicode>
        </TextEquiv>
      </TextLine>

      
      
      <TextLine id="r1l3" >
        <Coords points="297,205 297,164 715,171 718,209 715,218 295,220"/>
        <Baseline points="299,206 325,207 351,207 377,207 404,207 430,207 456,207 483,207 509,207 535,207 562,207 588,207 614,208 641,208 667,209 693,210 720,212"/>
        <TextEquiv>
          <Unicode>haciendo la cortesia;</Unicode>
        </TextEquiv>
      </TextLine>

      
      
      <TextLine id="r1l4" >
        <Coords points="291,254 289,216 424,205 426,205 426,205 426,205 428,205 467,216 469,216 469,216 518,207 518,207 518,207 520,207 748,220 748,261 743,276 632,271 617,278 606,282 606,282 604,282 604,282 604,282 602,282 602,282 602,282 578,278 540,269 523,278 518,280 518,280 518,280 516,280 516,280 516,280 514,280 514,280 512,280 503,278 471,269 458,278 456,280 454,280 454,280 454,280 452,280 452,280 452,280 450,280 450,280 448,280 448,280 448,280 445,280 445,280 443,278 432,269 424,276 424,278 424,278 422,278 422,278 422,278 422,278 420,278 420,278 420,280 289,280"/>
        <Baseline points="292,255 317,255 342,256 368,257 393,257 419,257 444,257 470,257 495,257 521,257 546,257 571,257 597,257 622,257 648,258 673,258 699,259 724,260 750,262"/>
        <TextEquiv>
          <Unicode>se picó y el agraviado,</Unicode>
        </TextEquiv>
      </TextLine>

      
      
      <TextLine id="r1l5" >
        <Coords points="295,299 295,267 347,267 347,265 364,252 364,252 366,252 366,252 366,252 368,252 368,252 370,252 370,252 370,252 426,265 435,267 441,265 467,254 467,254 469,254 469,254 469,254 471,254 471,254 471,254 520,265 525,265 529,265 593,257 593,257 595,257 595,257 595,257 598,257 598,257 598,257 600,257 610,265 617,269 623,265 640,257 640,257 640,257 643,257 643,257 645,257 645,257 645,257 647,257 647,257 666,265 675,267 683,265 705,257 705,257 707,257 707,257 709,257 709,257 771,265 771,306 767,329 291,325"/>
        <Baseline points="296,301 321,302 346,303 371,304 396,305 421,305 446,306 471,306 496,306 521,306 546,306 571,306 596,306 621,306 646,306 671,306 696,307 721,307 746,307 772,307"/>
        <TextEquiv>
          <Unicode>se despidió de la Dama,</Unicode>
        </TextEquiv>
      </TextLine>

      
      
      <TextLine id="r1l6" >
        <Coords points="295,349 295,312 810,316 810,353 808,376 293,376"/>
        <Baseline points="297,351 322,352 348,353 374,354 400,354 425,355 451,355 477,355 503,355 528,354 554,354 580,354 606,354 631,354 657,353 683,353 709,353 734,354 760,354 786,354 812,355"/>
        <TextEquiv>
          <Unicode>y fué siguiendo sus pasos.</Unicode>
        </TextEquiv>
      </TextLine>

      
      
      <TextLine id="r1l7" >
        <Coords points="287,402 287,357 523,364 529,361 538,353 538,353 540,353 540,353 540,353 542,353 542,353 544,353 685,353 685,353 685,353 745,366 745,404 743,419 422,430 420,430 282,417"/>
        <Baseline points="288,403 313,404 338,405 364,405 389,405 415,405 440,404 466,404 491,404 517,403 542,403 567,403 593,403 618,402 644,403 669,403 695,403 720,404 746,405"/>
        <TextEquiv>
          <Unicode>Alcanzole y dijo: Mire,</Unicode>
        </TextEquiv>
      </TextLine>

      
      
      <TextLine id="r1l8" >
        <Coords points="295,447 295,411 527,419 587,417 606,400 606,400 608,400 608,400 608,400 608,400 610,400 610,400 613,400 613,400 613,400 615,400 615,400 615,400 643,413 658,400 658,398 658,398 658,398 660,398 660,398 662,398 662,398 662,398 664,398 664,398 666,398 666,398 666,398 668,398 668,398 668,398 688,415 737,396 743,394 743,394 745,394 745,394 748,394 842,394 842,454 838,481 660,469 546,473 398,477 396,477 396,477 291,462"/>
        <Baseline points="297,449 324,451 351,452 378,453 406,453 433,453 460,453 488,453 515,453 542,453 570,452 597,452 624,451 651,451 679,451 706,451 733,451 761,452 788,452 815,454 843,455"/>
        <TextEquiv>
          <Unicode>veo, que es un desbarbado,</Unicode>
        </TextEquiv>
      </TextLine>

      
      
      <TextLine id="r1l9" >
        <Coords points="293,496 293,458 754,460 756,501 752,516 289,511"/>
        <Baseline points="295,498 320,499 346,500 372,501 397,501 423,501 449,501 474,501 500,501 526,501 551,500 577,500 603,500 628,500 654,500 680,500 705,501 731,502 757,503"/>
        <TextEquiv>
          <Unicode>que si no de bofetadas</Unicode>
        </TextEquiv>
      </TextLine>

      
      
      <TextLine id="r1l10" >
        <Coords points="300,548 297,505 452,496 454,496 454,496 510,505 520,507 531,507 580,496 580,496 580,496 583,496 583,496 666,507 670,507 670,507 688,496 690,496 690,496 692,496 692,496 692,496 694,496 694,496 775,509 778,548 775,563 297,563"/>
        <Baseline points="302,550 327,549 352,549 377,548 402,548 427,548 452,548 477,548 502,548 527,548 553,548 578,548 603,548 628,548 653,548 678,549 703,549 728,549 753,549 779,549"/>
        <TextEquiv>
          <Unicode>rato ha le hubiera dado.</Unicode>
        </TextEquiv>
      </TextLine>

      
      
      <TextLine id="r1l11" >
        <Coords points="293,595 289,556 310,546 310,546 310,546 312,546 312,546 315,546 315,546 315,546 375,556 379,558 720,558 722,597 720,608 291,610"/>
        <Baseline points="295,597 320,597 345,596 370,596 395,596 420,596 446,596 471,595 496,595 521,595 546,595 571,595 597,595 622,596 647,596 672,597 697,597 723,598"/>
        <TextEquiv>
          <Unicode>Apenas lo pronunció,</Unicode>
        </TextEquiv>
      </TextLine>

      
      
      <TextLine id="r1l13" >
        <Coords points="293,642 291,601 448,591 450,591 450,591 450,591 505,601 535,591 535,591 538,591 538,591 540,591 540,591 540,591 542,591 542,591 570,603 572,603 580,603 692,593 692,593 694,593 694,593 696,593 696,593 696,593 698,593 698,593 698,595 709,606 711,606 713,606 750,595 752,595 752,595 754,595 754,595 865,608 865,651 861,670 289,659"/>
        <Baseline points="295,644 327,644 360,644 392,644 425,644 458,643 490,643 523,642 555,642 588,642 621,642 653,642 686,642 718,643 751,644 784,646 816,648 849,650 867,652"/>
        <TextEquiv>
          <Unicode>cuando le dió un cintorazo</Unicode>
        </TextEquiv>
      </TextLine>

      
      
      <TextLine id="r1l14" >
        <Coords points="302,691 300,653 490,640 493,640 493,640 493,640 495,640 495,640 495,640 497,640 497,640 514,655 516,655 523,655 602,642 602,642 604,642 604,642 604,642 606,642 606,642 640,655 647,659 707,659 709,657 720,646 720,644 720,644 722,644 722,644 722,644 724,644 724,644 726,644 726,644 865,659 865,702 861,719 739,706 683,717 677,717 677,717 677,717 675,717 675,717 666,717 600,704 533,715 520,715 520,715 518,715 518,715 518,715 508,713 467,704 300,708"/>
        <Baseline points="304,692 336,692 368,692 401,692 433,692 465,692 498,692 530,692 562,692 595,692 627,693 659,693 692,694 724,695 756,696 789,697 821,699 853,702 867,703"/>
        <TextEquiv>
          <Unicode>con espada, baina, y todo.</Unicode>
        </TextEquiv>
      </TextLine>

      
      
      <TextLine id="r1l15" >
        <Coords points="300,738 297,698 385,687 385,687 387,687 510,700 527,689 529,689 529,689 531,689 531,689 531,689 533,689 868,708 865,751 861,766 295,756"/>
        <Baseline points="302,740 334,741 367,741 400,741 433,741 466,741 499,741 531,741 564,741 597,741 630,741 663,742 696,742 729,743 761,744 794,746 827,748 860,751 867,752"/>
        <TextEquiv>
          <Unicode>que le hizo andar rodando:</Unicode>
        </TextEquiv>
      </TextLine>

      
      
      <TextLine id="r1l16" >
        <Coords points="295,788 295,747 347,747 349,747 370,734 372,734 372,734 375,734 375,734 375,734 377,734 377,734 377,734 379,734 379,734 409,749 411,749 413,749 432,736 435,736 435,736 437,736 437,736 437,736 439,736 439,736 439,736 441,736 441,736 471,749 471,749 473,749 531,738 531,738 533,738 533,738 533,738 535,738 535,738 561,749 595,738 598,738 598,738 598,738 600,738 600,738 602,738 658,753 662,753 664,753 722,741 722,741 722,741 724,741 724,741 724,741 726,741 726,741 728,741 752,756 838,758 840,798 838,818 737,820 735,820 735,820 733,820 722,818 685,807 636,815 619,818 619,818 617,818 617,818 617,818 615,818 615,818 615,818 613,818 610,815 593,805 439,813 402,813 400,813 400,813 400,813 398,813 392,811 353,800 293,809"/>
        <Baseline points="297,790 329,790 362,790 395,790 428,790 461,790 493,790 526,790 559,790 592,790 625,791 657,791 690,792 723,793 756,795 788,796 821,798 841,800"/>
        <TextEquiv>
          <Unicode>Se metió en la Magdalena </Unicode>
        </TextEquiv>
      </TextLine>

      
      
      <TextLine id="r1l17" >
        <Coords points="302,837 302,790 788,805 790,845 788,863 692,867 690,867 690,867 688,867 658,858 636,854 613,858 568,865 568,865 565,865 565,865 565,865 563,865 563,865 563,865 544,854 535,850 415,850 407,850 340,860 340,860 338,860 338,860 338,860 336,860 295,845"/>
        <Baseline points="303,838 335,838 368,837 401,837 434,837 467,838 500,838 533,839 566,839 599,840 632,841 664,842 697,844 730,845 763,847 793,848"/>
        <TextEquiv>
          <Unicode>valiendose del Sagrado, </Unicode>
        </TextEquiv>
      </TextLine>

      
      
      <TextLine id="r1l18" >
        <Coords points="302,890 297,837 364,845 387,839 411,833 413,833 413,833 415,833 415,833 415,833 417,833 417,833 437,841 448,845 467,843 514,835 514,835 516,835 516,835 516,835 570,848 593,852 613,848 662,837 662,837 662,837 664,837 664,837 666,837 666,837 666,837 668,837 690,852 696,856 788,856 790,899 786,912 297,901"/>
        <Baseline points="303,891 336,888 369,887 402,886 435,885 468,886 501,886 534,887 567,889 600,890 634,892 667,894 700,896 733,898 766,899 793,901"/>
        <TextEquiv>
          <Unicode>dos dias estuvo allí, </Unicode>
        </TextEquiv>
      </TextLine>

      
      
      <TextLine id="r1l19" >
        <Coords points="291,935 289,890 445,882 448,882 448,882 448,882 512,895 518,895 525,895 580,884 580,884 583,884 583,884 694,897 715,886 715,886 715,886 718,886 718,886 720,886 720,886 720,886 790,901 790,942 786,961 287,944"/>
        <Baseline points="293,938 326,937 359,937 392,937 425,937 459,936 492,936 525,936 558,937 591,937 625,938 658,939 691,940 724,941 757,942 791,944 793,944"/>
        <TextEquiv>
          <Unicode>y Don Geronimo Pardo</Unicode>
        </TextEquiv>
      </TextLine>

      
      
      <TextLine id="r1l20" >
        <Coords points="302,985 300,940 465,933 467,933 467,933 469,933 469,933 469,933 471,933 471,933 471,935 480,942 484,948 613,948 619,944 647,933 647,933 649,933 649,933 651,933 651,933 760,948 760,985 758,1008 300,1000"/>
        <Baseline points="304,986 329,986 354,985 380,985 405,985 431,985 456,985 482,985 507,986 533,986 558,986 583,986 609,986 634,986 660,987 685,987 711,987 736,987 762,987"/>
        <TextEquiv>
          <Unicode>la sacó de este peligro.</Unicode>
        </TextEquiv>
      </TextLine>

      
      
      <TextLine id="r1l21" >
        <Coords points="297,1032 297,983 385,991 488,980 488,980 490,980 490,980 493,980 538,993 568,980 568,980 570,980 570,980 570,980 572,980 572,980 574,980 574,980 574,980 576,980 576,980 576,983 578,983 589,995 662,983 662,983 664,983 664,983 664,983 666,983 666,983 666,983 696,1000 756,1000 788,974 790,970 790,970 793,970 793,970 793,970 795,970 795,970 797,970 919,972 917,1045 915,1062 707,1066 705,1066 705,1066 703,1066 703,1066 703,1066 683,1055 673,1049 518,1049 512,1051 480,1062 480,1062 478,1062 478,1062 475,1062 475,1062 475,1062 473,1062 473,1062 439,1049 435,1047 422,1047 351,1055 351,1055 349,1055 349,1055 349,1055 293,1042"/>
        <Baseline points="300,1033 332,1034 364,1035 396,1036 428,1036 460,1036 492,1036 524,1036 556,1035 588,1035 621,1035 653,1035 685,1035 717,1035 749,1036 781,1037 813,1038 845,1040 877,1043 909,1045 918,1046"/>
        <TextEquiv>
          <Unicode>Con que poniendola en salvo,</Unicode>
        </TextEquiv>
      </TextLine>

      
      
      <TextLine id="r1l22" >
        <Coords points="304,1081 304,1038 503,1042 505,1042 525,1032 525,1032 525,1032 527,1032 527,1032 527,1032 529,1032 529,1032 531,1032 572,1045 578,1045 585,1045 632,1034 632,1034 632,1034 634,1034 634,1034 745,1049 748,1090 743,1111 638,1098 593,1107 578,1109 578,1109 578,1109 576,1109 576,1109 574,1109 574,1109 565,1107 544,1098 302,1098"/>
        <Baseline points="305,1083 334,1083 363,1083 392,1084 421,1084 451,1084 480,1084 509,1084 538,1084 567,1085 597,1085 626,1086 655,1087 684,1088 713,1089 743,1091 750,1091"/>
        <TextEquiv>
          <Unicode>vino hasta Barcelona</Unicode>
        </TextEquiv>
      </TextLine>

      
      
      <TextLine id="r1l23" >
        <Coords points="302,1130 295,1092 315,1079 317,1079 317,1079 317,1079 319,1079 319,1079 321,1079 321,1079 428,1092 471,1079 473,1079 473,1079 473,1079 475,1079 475,1079 478,1079 478,1079 478,1079 510,1094 546,1081 548,1081 548,1081 548,1081 550,1081 550,1081 553,1081 553,1081 553,1081 585,1096 585,1096 585,1096 649,1083 649,1083 649,1083 651,1083 651,1083 771,1100 771,1141 767,1156 297,1143"/>
        <Baseline points="303,1132 335,1132 367,1132 399,1131 431,1131 463,1132 495,1132 527,1132 559,1133 591,1134 623,1135 655,1137 687,1138 719,1139 751,1141 773,1142"/>
        <TextEquiv>
          <Unicode>sirviéndole de criado.</Unicode>
        </TextEquiv>
      </TextLine>

      
      
      <TextLine id="r1l24" >
        <Coords points="302,1177 302,1128 786,1145 786,1186 784,1195 300,1197"/>
        <Baseline points="303,1180 333,1181 364,1181 394,1181 425,1181 456,1181 486,1181 517,1181 547,1181 578,1181 609,1181 639,1181 670,1182 700,1182 731,1183 762,1185 787,1187"/>
        <TextEquiv>
          <Unicode>Se embarcó para Milán </Unicode>
        </TextEquiv>
      </TextLine>

      
      
      <TextLine id="r1l25" >
        <Coords points="295,1227 295,1182 861,1192 863,1235 859,1252 291,1242"/>
        <Baseline points="297,1228 325,1229 353,1229 382,1229 410,1230 439,1230 467,1230 495,1230 524,1230 552,1230 581,1230 609,1230 637,1230 666,1230 694,1231 723,1231 751,1232 779,1233 808,1234 836,1236 865,1237"/>
        <TextEquiv>
          <Unicode>con otros muchos soldados,</Unicode>
        </TextEquiv>
      </TextLine>

      
      
      <TextLine id="r1l26" >
        <Coords points="304,1276 302,1233 580,1225 583,1225 583,1225 583,1225 585,1225 585,1225 587,1225 608,1237 640,1227 643,1227 643,1227 643,1227 645,1227 865,1244 865,1289 861,1310 677,1295 598,1306 593,1306 593,1306 591,1306 591,1306 589,1306 589,1306 589,1306 589,1306 561,1293 525,1304 523,1304 523,1304 523,1304 523,1304 520,1304 520,1304 520,1304 439,1291 302,1299"/>
        <Baseline points="305,1277 333,1278 361,1278 389,1278 417,1278 445,1278 473,1278 502,1278 530,1278 558,1278 586,1278 614,1278 642,1279 670,1279 699,1280 727,1281 755,1282 783,1284 811,1286 839,1288 868,1291"/>
        <TextEquiv>
          <Unicode>porque iba Felipe Quinto.</Unicode>
        </TextEquiv>
      </TextLine>

      
      
      <TextLine id="r1l27" >
        <Coords points="302,1325 302,1285 748,1289 750,1329 745,1340 297,1336"/>
        <Baseline points="303,1327 329,1327 355,1327 382,1327 408,1327 435,1327 461,1327 487,1327 514,1327 540,1327 567,1328 593,1328 619,1328 646,1329 672,1329 699,1330 725,1331 752,1331"/>
        <TextEquiv>
          <Unicode>á socorrer sus estados.</Unicode>
        </TextEquiv>
      </TextLine>

      
      
      <TextLine id="r1l29" >
        <Coords points="293,1370 293,1321 535,1338 546,1334 561,1325 561,1325 561,1325 563,1325 563,1325 563,1325 565,1325 565,1325 630,1338 647,1340 649,1338 658,1332 658,1329 658,1329 660,1329 660,1329 660,1329 662,1329 662,1329 664,1329 763,1332 763,1332 878,1351 876,1392 872,1409 289,1389"/>
        <Baseline points="294,1372 323,1374 352,1375 381,1375 410,1376 440,1376 469,1376 498,1376 527,1376 556,1376 586,1376 615,1376 644,1376 673,1376 702,1377 732,1378 761,1381 790,1383 819,1385 848,1389 878,1394"/>
        <TextEquiv>
          <Unicode>En la campaña se halló,</Unicode>
        </TextEquiv>
      </TextLine>

      
      
      <TextLine id="r1l30" >
        <Coords points="295,1422 293,1381 523,1374 525,1374 525,1374 527,1374 527,1374 527,1374 529,1374 529,1374 529,1377 540,1385 563,1377 565,1377 565,1377 565,1377 568,1377 896,1394 893,1437 889,1456 291,1434"/>
        <Baseline points="296,1423 328,1424 361,1425 393,1426 426,1426 459,1426 491,1426 524,1426 557,1426 589,1426 622,1426 655,1426 687,1426 720,1427 753,1428 785,1429 818,1431 851,1434 883,1436 896,1438"/>
        <TextEquiv>
          <Unicode>cuando á Alemania quitaron</Unicode>
        </TextEquiv>
      </TextLine>

      
      
      <TextLine id="r1l31" >
        <Coords points="302,1471 302,1419 499,1422 499,1422 499,1422 501,1422 520,1426 548,1434 595,1430 651,1424 651,1424 653,1424 653,1424 655,1424 655,1424 681,1432 694,1437 711,1434 758,1426 758,1426 760,1426 760,1426 865,1441 863,1484 859,1503 297,1490"/>
        <Baseline points="303,1473 335,1473 368,1473 401,1473 433,1474 466,1474 499,1474 531,1474 564,1474 597,1474 630,1475 662,1475 695,1476 728,1477 760,1478 793,1480 826,1481 858,1484 864,1485"/>
        <TextEquiv>
          <Unicode>las Vanderas y Estandartes, </Unicode>
        </TextEquiv>
      </TextLine>

      
      
      <TextLine id="r1l32" >
        <Coords points="295,1520 293,1477 400,1469 402,1469 402,1469 405,1469 450,1479 460,1482 469,1479 514,1471 514,1471 514,1471 516,1471 516,1471 578,1484 587,1484 591,1484 623,1473 625,1473 625,1473 625,1473 628,1473 628,1473 630,1473 630,1473 630,1473 653,1484 658,1488 850,1490 850,1531 846,1552 739,1539 707,1548 692,1550 690,1550 690,1550 688,1550 688,1550 610,1544 553,1537 544,1539 520,1548 520,1548 518,1548 518,1548 516,1548 516,1548 516,1548 514,1548 475,1537 467,1535 445,1535 312,1542 310,1542 310,1542 310,1542 308,1542 308,1542 308,1542 306,1542 287,1529"/>
        <Baseline points="296,1521 328,1522 361,1522 393,1523 426,1523 459,1523 491,1523 524,1523 557,1523 589,1523 622,1523 655,1524 687,1524 720,1525 753,1527 785,1529 818,1530 851,1533 853,1533"/>
        <TextEquiv>
          <Unicode>que á la Corte convocaron.</Unicode>
        </TextEquiv>
      </TextLine>

      
      
      <TextLine id="r1l33" >
        <Coords points="304,1567 304,1520 621,1535 662,1533 763,1527 765,1527 765,1527 765,1527 846,1542 846,1582 842,1604 683,1586 565,1593 544,1593 542,1593 542,1593 540,1593 540,1593 540,1593 535,1591 518,1582 512,1591 508,1593 508,1595 508,1595 505,1595 505,1595 505,1595 503,1595 503,1595 503,1597 452,1597 450,1595 450,1595 448,1595 448,1595 448,1595 445,1595 445,1593 437,1586 430,1580 420,1586 405,1593 405,1593 405,1593 402,1593 402,1593 400,1593 400,1593 300,1580"/>
        <Baseline points="306,1568 338,1569 370,1569 402,1570 434,1570 466,1570 498,1571 531,1571 563,1571 595,1571 627,1571 659,1572 691,1573 723,1574 756,1576 788,1577 820,1580 847,1583"/>
        <TextEquiv>
          <Unicode>Volvió otra vez con el Rey, </Unicode>
        </TextEquiv>
      </TextLine>

      
      
      <TextLine id="r1l34" >
        <Coords points="300,1619 302,1567 332,1578 473,1574 525,1571 527,1571 835,1586 835,1627 831,1646 295,1634"/>
        <Baseline points="301,1620 333,1620 366,1620 398,1620 431,1620 463,1620 496,1620 528,1620 561,1620 593,1620 626,1620 658,1621 691,1622 723,1623 756,1624 788,1626 821,1628 836,1629"/>
        <TextEquiv>
          <Unicode>hasta que desembarcaron.</Unicode>
        </TextEquiv>
      </TextLine>

      
      
      <TextLine id="r1l35" >
        <Coords points="304,1668 304,1619 835,1634 835,1679 831,1694 300,1683"/>
        <Baseline points="306,1669 338,1669 370,1669 403,1668 435,1668 468,1668 500,1668 533,1668 565,1669 598,1669 630,1670 662,1671 695,1672 727,1673 760,1675 792,1677 825,1679 836,1680"/>
        <TextEquiv>
          <Unicode>Asi que en tierra se vido.</Unicode>
        </TextEquiv>
      </TextLine>

      
      
      <TextLine id="r1l36" >
        <Coords points="293,1715 291,1672 520,1666 523,1666 523,1666 525,1666 525,1666 525,1666 527,1666 542,1676 542,1676 546,1676 591,1668 591,1668 591,1668 593,1668 593,1668 653,1679 660,1679 664,1679 703,1668 705,1668 705,1668 707,1668 707,1668 707,1668 709,1668 709,1668 735,1681 737,1681 739,1681 760,1670 760,1670 760,1670 763,1670 763,1670 765,1670 765,1670 846,1683 848,1724 844,1745 289,1732"/>
        <Baseline points="294,1716 326,1717 359,1717 392,1717 424,1717 457,1717 490,1717 522,1718 555,1718 588,1718 621,1718 653,1718 686,1719 719,1720 751,1720 784,1722 817,1723 849,1725 850,1725"/>
        <TextEquiv>
          <Unicode>rindió gracias con aplausos </Unicode>
        </TextEquiv>
      </TextLine>

      
      
      <TextLine id="r1l37" >
        <Coords points="295,1766 293,1724 795,1728 797,1769 795,1777 293,1786"/>
        <Baseline points="297,1767 322,1766 347,1766 372,1766 397,1766 422,1766 447,1766 472,1766 497,1766 522,1767 547,1767 572,1767 597,1767 622,1767 647,1768 672,1768 697,1768 722,1769 747,1769 772,1769 798,1770"/>
        <TextEquiv>
          <Unicode>á Dios por los beneficios</Unicode>
        </TextEquiv>
      </TextLine>

      
      
      <TextLine id="r1l38" >
        <Coords points="304,1813 304,1766 636,1777 655,1764 658,1764 658,1764 658,1764 660,1764 660,1764 662,1764 662,1764 765,1775 786,1758 786,1758 786,1758 788,1758 788,1758 788,1758 790,1758 790,1758 793,1758 885,1758 887,1820 883,1843 300,1824"/>
        <Baseline points="305,1815 334,1815 363,1815 392,1815 421,1815 451,1815 480,1815 509,1815 538,1815 567,1815 597,1816 626,1816 655,1816 684,1817 713,1817 743,1818 772,1818 801,1819 830,1820 859,1820 889,1821"/>
        <TextEquiv>
          <Unicode>que le hace, y que le ha dado.</Unicode>
        </TextEquiv>
      </TextLine>

      
      
      <TextLine id="r1l39" >
        <Coords points="306,1858 308,1809 332,1822 754,1822 756,1863 752,1886 302,1876"/>
        <Baseline points="307,1861 332,1861 357,1861 382,1862 407,1862 432,1862 457,1863 482,1863 507,1863 532,1864 557,1864 582,1864 607,1864 632,1864 657,1865 682,1865 707,1865 732,1865 757,1865"/>
        <TextEquiv>
          <Unicode>De Genoya dos Galeras </Unicode>
        </TextEquiv>
      </TextLine>

      
      
      <TextLine id="r1l40" >
        <Coords points="300,1908 300,1863 583,1876 658,1858 658,1858 658,1858 660,1858 660,1858 660,1858 662,1858 662,1858 664,1858 664,1858 690,1878 812,1856 814,1916 810,1938 295,1927"/>
        <Baseline points="301,1910 326,1910 352,1911 378,1911 404,1912 429,1912 455,1912 481,1912 507,1913 532,1913 558,1913 584,1913 610,1913 635,1913 661,1913 687,1914 713,1914 738,1914 764,1915 790,1916 816,1917"/>
        <TextEquiv>
          <Unicode>á aqueste puerto llegaron,</Unicode>
        </TextEquiv>
      </TextLine>

      
      
      <TextLine id="r1l41" >
        <Coords points="297,1957 297,1921 370,1921 379,1918 420,1906 422,1906 422,1906 422,1906 424,1906 424,1906 424,1906 426,1906 426,1906 452,1916 465,1923 520,1916 595,1908 595,1908 598,1908 598,1908 600,1908 600,1908 600,1908 602,1908 602,1908 602,1910 608,1914 619,1925 718,1923 728,1914 735,1908 735,1908 737,1908 737,1908 737,1908 739,1908 739,1908 741,1908 741,1908 741,1908 743,1908 743,1908 756,1912 775,1921 795,1912 814,1906 814,1906 816,1906 816,1906 816,1906 818,1906 902,1912 904,1966 900,1991 293,1974"/>
        <Baseline points="299,1958 329,1959 359,1960 389,1960 420,1960 450,1961 480,1961 511,1961 541,1961 571,1961 602,1961 632,1961 662,1961 692,1961 723,1962 753,1962 783,1963 814,1964 844,1965 874,1966 905,1968"/>
        <TextEquiv>
          <Unicode>se embarcó y fuese á Marsella,</Unicode>
        </TextEquiv>
      </TextLine>

      
      
      <TextLine id="r1l42" >
        <Coords points="300,2004 300,1961 782,1972 784,2008 782,2021 585,2032 583,2032 295,2017"/>
        <Baseline points="301,2005 326,2007 351,2007 377,2008 402,2009 428,2009 453,2010 479,2010 504,2010 530,2010 555,2010 581,2010 606,2010 632,2010 657,2010 683,2010 708,2010 734,2010 759,2011 785,2011"/>
        <TextEquiv>
          <Unicode>y un Capitan de caballos</Unicode>
        </TextEquiv>
      </TextLine>

      
      
      <TextLine id="r1l43" >
        <Coords points="304,2056 304,2011 713,2011 715,2058 711,2077 300,2070"/>
        <Baseline points="306,2057 331,2057 357,2058 383,2058 408,2058 434,2058 460,2058 485,2058 511,2058 537,2058 562,2058 588,2058 614,2058 639,2058 665,2059 691,2059 717,2060"/>
        <TextEquiv>
          <Unicode>la amparó y favoreció</Unicode>
        </TextEquiv>
      </TextLine>

      
      
      <TextLine id="r1l44" >
        <Coords points="304,2103 302,2064 443,2056 445,2056 718,2070 718,2109 713,2130 300,2118"/>
        <Baseline points="305,2105 330,2105 356,2106 382,2106 408,2107 434,2107 460,2108 486,2108 512,2108 538,2108 564,2109 590,2109 616,2109 642,2110 668,2110 694,2111 720,2111"/>
        <TextEquiv>
          <Unicode>en el viaje tan largo.</Unicode>
        </TextEquiv>
      </TextLine>

      
      
      <TextLine id="line_1635345269391_341" >
        <Coords points="297,2163 297,2109 700,2118 700,2163 700,2248 655,2248 653,2246 653,2246 651,2246 651,2246 651,2246 649,2246 649,2246 645,2242 617,2220 591,2233 591,2233 591,2233 589,2233 589,2233 587,2233 587,2233 587,2233 585,2233 585,2233 585,2233 583,2233 583,2233 583,2231 570,2218 540,2231 512,2242 512,2242 510,2242 510,2242 510,2242 508,2242 508,2242 505,2242 505,2242 505,2242 503,2242 478,2225 469,2218 463,2223 437,2246 437,2246 435,2246 435,2246 435,2246 432,2246 432,2246 432,2248 402,2248 400,2246 400,2246 398,2246 398,2246 398,2246 396,2246 396,2246 396,2244 362,2214 355,2208 297,2208"/>
        <Baseline points="298,2164 701,2164"/>
        <TextEquiv>
          <Unicode>A Malaga fué con él,</Unicode>
        </TextEquiv>
      </TextLine>

      
    </TextRegion>
    
    <TextRegion id="r2"  custom="structure {type:MainZone;}">
      <Coords points="994,29 983,2244 1728,2258 1751,55"/>
      
      
      <TextLine id="r2l1" >
        <Coords points="1026,104 1024,53 1140,38 1140,38 1142,38 1142,38 1144,38 1198,53 1206,57 1311,57 1320,55 1354,42 1354,42 1356,42 1356,42 1359,42 1386,42 1386,42 1386,42 1389,42 1389,42 1389,42 1391,42 1391,42 1391,44 1391,44 1401,55 1404,57 1408,55 1416,49 1419,49 1419,49 1419,49 1421,49 1421,49 1421,49 1423,49 1519,57 1519,113 1517,139 1414,139 1412,137 1412,137 1410,137 1410,137 1410,137 1408,137 1408,137 1408,137 1391,124 1328,134 1322,134 1322,134 1320,134 1320,134 1320,134 1318,134 1316,134 1271,122 1024,128"/>
        <Baseline points="1028,107 1058,108 1089,108 1119,108 1150,108 1181,108 1211,109 1242,109 1272,109 1303,109 1334,109 1364,110 1395,111 1425,111 1456,112 1487,113 1517,115 1520,115"/>
        <TextEquiv>
          <Unicode>y el Capitan cayó malo;</Unicode>
        </TextEquiv>
      </TextLine>

      
      
      <TextLine id="r2l2" >
        <Coords points="1026,154 1026,115 1449,117 1451,156 1446,171 1022,167"/>
        <Baseline points="1027,155 1052,155 1077,156 1102,156 1127,156 1152,157 1177,157 1202,157 1227,157 1252,158 1277,158 1302,158 1327,158 1352,158 1377,158 1402,158 1427,158 1453,158"/>
        <TextEquiv>
          <Unicode>ella pasó á Gibraltar,</Unicode>
        </TextEquiv>
      </TextLine>

      
      
      <TextLine id="r2l4" >
        <Coords points="1035,203 1035,156 1337,164 1369,152 1369,152 1371,152 1371,152 1371,152 1374,152 1425,154 1442,141 1444,139 1444,137 1446,137 1446,137 1446,137 1449,137 1449,137 1451,137 1573,137 1573,209 1569,224 1031,216"/>
        <Baseline points="1037,204 1069,205 1102,206 1135,206 1168,206 1201,206 1234,206 1266,206 1299,206 1332,206 1365,205 1398,205 1431,206 1464,206 1496,207 1529,208 1562,210 1574,210"/>
        <TextEquiv>
          <Unicode>donde mató un Escribano,</Unicode>
        </TextEquiv>
      </TextLine>

      
      
      <TextLine id="r2l5" >
        <Coords points="1028,248 1028,209 1661,224 1661,263 1656,282 1024,274"/>
        <Baseline points="1029,250 1062,252 1095,254 1128,255 1161,256 1194,256 1227,257 1260,257 1293,256 1326,256 1359,256 1392,256 1425,255 1458,255 1491,256 1524,256 1557,257 1590,259 1623,261 1656,264 1663,265"/>
        <TextEquiv>
          <Unicode>porque le hizo un testamento,</Unicode>
        </TextEquiv>
      </TextLine>

      
      
      <TextLine id="r2l6" >
        <Coords points="1037,299 1037,259 1440,265 1442,301 1438,325 1033,312"/>
        <Baseline points="1039,301 1064,302 1089,303 1114,303 1140,304 1165,304 1190,304 1216,305 1241,304 1266,304 1292,304 1317,304 1342,304 1368,304 1393,304 1418,303 1444,303"/>
        <TextEquiv>
          <Unicode>ero se lo hizo falso,</Unicode>
        </TextEquiv>
      </TextLine>

      
      
      <TextLine id="r2l8" >
        <Coords points="1028,349 1028,306 1564,314 1564,357 1560,376 1024,370"/>
        <Baseline points="1029,350 1063,351 1097,351 1131,351 1165,352 1199,352 1233,352 1267,352 1301,353 1335,353 1369,353 1403,354 1437,354 1471,355 1505,356 1539,357 1566,358"/>
        <TextEquiv>
          <Unicode>Hacia Cádiz dió la vuelta,</Unicode>
        </TextEquiv>
      </TextLine>

      
      
      <TextLine id="r2l9" >
        <Coords points="1028,396 1028,357 1562,361 1564,406 1560,430 1024,419"/>
        <Baseline points="1029,398 1062,399 1095,400 1128,400 1162,401 1195,401 1228,401 1262,401 1295,402 1328,402 1362,402 1395,403 1428,403 1461,404 1495,405 1528,406 1561,407 1566,407"/>
        <TextEquiv>
          <Unicode>y estando un dia jugando</Unicode>
        </TextEquiv>
      </TextLine>

      
      
      <TextLine id="r2l10" >
        <Coords points="1035,447 1035,406 1562,415 1564,456 1560,469 1031,460"/>
        <Baseline points="1037,449 1070,449 1103,448 1136,448 1170,449 1203,449 1236,449 1270,450 1303,451 1336,451 1370,452 1403,453 1436,454 1469,455 1503,456 1536,457 1566,458"/>
        <TextEquiv>
          <Unicode>en la puerta de la Mar,</Unicode>
        </TextEquiv>
      </TextLine>

      
      
      <TextLine id="r2l11" >
        <Coords points="1031,496 1031,456 1562,464 1564,503 1560,524 1026,511"/>
        <Baseline points="1033,498 1067,498 1101,498 1135,498 1169,498 1203,498 1237,499 1271,499 1305,500 1339,501 1373,501 1407,502 1441,503 1475,503 1509,504 1543,505 1566,505"/>
        <TextEquiv>
          <Unicode>en la mesa de los dados,</Unicode>
        </TextEquiv>
      </TextLine>

      
      
      <TextLine id="r2l12" >
        <Coords points="1031,543 1031,496 1502,514 1504,552 1500,573 1026,558"/>
        <Baseline points="1033,546 1066,546 1100,546 1134,546 1167,546 1201,546 1235,547 1268,548 1302,548 1336,549 1370,550 1403,551 1437,552 1471,553 1504,554 1506,554"/>
        <TextEquiv>
          <Unicode>sobre jugar una suerte</Unicode>
        </TextEquiv>
      </TextLine>

      
      
      <TextLine id="r2l13" >
        <Coords points="1033,593 1037,541 1054,554 1106,543 1116,543 1116,543 1116,543 1118,543 1118,543 1121,543 1121,543 1127,546 1151,554 1283,552 1425,548 1427,548 1427,548 1427,548 1429,548 1429,548 1451,558 1459,563 1562,563 1564,601 1560,623 1028,614"/>
        <Baseline points="1035,595 1069,595 1104,594 1138,594 1173,594 1207,594 1242,595 1276,596 1311,597 1345,598 1380,599 1414,600 1449,600 1483,602 1518,603 1552,603 1566,603"/>
        <TextEquiv>
          <Unicode>á un valiente Sevillano,</Unicode>
        </TextEquiv>
      </TextLine>

      
      
      <TextLine id="r2l14" >
        <Coords points="1028,642 1026,601 1178,593 1181,593 1564,610 1564,651 1560,666 1024,659"/>
        <Baseline points="1029,644 1063,643 1097,642 1131,642 1166,643 1200,643 1234,644 1269,645 1303,646 1337,646 1372,647 1406,648 1440,649 1474,650 1509,651 1543,652 1566,652"/>
        <TextEquiv>
          <Unicode>se volvieron contra ella</Unicode>
        </TextEquiv>
      </TextLine>

      
      
      <TextLine id="r2l15" >
        <Coords points="1037,691 1037,651 1562,655 1564,700 1560,721 1033,708"/>
        <Baseline points="1038,693 1071,693 1104,693 1138,693 1171,693 1204,694 1238,694 1271,694 1304,695 1338,695 1371,696 1404,697 1438,698 1471,698 1504,699 1538,700 1566,701"/>
        <TextEquiv>
          <Unicode>catorce ó quince soldados,</Unicode>
        </TextEquiv>
      </TextLine>

      
      
      <TextLine id="r2l16" >
        <Coords points="1039,741 1041,691 1082,702 1138,696 1153,693 1153,693 1155,693 1155,693 1157,693 1168,696 1204,708 1333,708 1346,704 1361,698 1361,698 1363,698 1363,698 1363,698 1365,698 1526,713 1528,749 1524,762 1035,753"/>
        <Baseline points="1040,743 1072,743 1104,742 1137,742 1169,742 1201,742 1234,743 1266,744 1298,745 1331,746 1363,746 1395,748 1428,748 1460,750 1492,750 1525,751 1529,751"/>
        <TextEquiv>
          <Unicode>tres eran en su favor,</Unicode>
        </TextEquiv>
      </TextLine>

      
      
      <TextLine id="r2l17" >
        <Coords points="1028,792 1026,743 1524,758 1524,800 1519,820 1024,807"/>
        <Baseline points="1031,793 1064,792 1097,791 1130,791 1163,791 1197,791 1230,791 1263,792 1296,793 1329,794 1363,795 1396,796 1429,797 1462,798 1495,799 1526,801"/>
        <TextEquiv>
          <Unicode>las espadas arrancando, </Unicode>
        </TextEquiv>
      </TextLine>

      
      
      <TextLine id="r2l18" >
        <Coords points="1035,841 1033,794 1562,803 1564,850 1560,869 1031,854"/>
        <Baseline points="1036,842 1068,840 1101,839 1134,839 1167,839 1200,839 1232,840 1265,841 1298,842 1331,843 1364,845 1396,845 1429,847 1462,848 1495,849 1527,850 1560,851 1566,851"/>
        <TextEquiv>
          <Unicode>con ánimo, y valentia</Unicode>
        </TextEquiv>
      </TextLine>

      
      
      <TextLine id="r2l19" >
        <Coords points="1031,886 1031,839 1573,854 1573,895 1569,912 1026,899"/>
        <Baseline points="1033,887 1066,887 1099,887 1132,887 1166,888 1199,888 1232,889 1266,889 1299,890 1332,890 1366,891 1399,892 1432,893 1465,893 1499,894 1532,895 1565,896 1574,897"/>
        <TextEquiv>
          <Unicode>mataron cinco contrarios;</Unicode>
        </TextEquiv>
      </TextLine>

      
      
      <TextLine id="r2l20" >
        <Coords points="1033,933 1033,890 1551,903 1554,942 1549,965 1028,948"/>
        <Baseline points="1035,934 1068,934 1102,934 1135,935 1169,935 1203,936 1236,936 1270,937 1303,937 1337,938 1371,939 1404,940 1438,941 1471,942 1505,943 1539,944 1555,944"/>
        <TextEquiv>
          <Unicode>tambien ella salió herida</Unicode>
        </TextEquiv>
      </TextLine>

      
      
      <TextLine id="r2l21" >
        <Coords points="1035,980 1035,931 1639,955 1641,993 1637,1021 1339,1002 1281,1006 1189,1013 1187,1013 1187,1013 1031,993"/>
        <Baseline points="1036,983 1069,984 1102,985 1136,986 1169,987 1202,987 1236,988 1269,988 1302,989 1336,989 1369,990 1402,990 1436,990 1469,991 1502,991 1536,992 1569,993 1602,994 1636,994 1643,994"/>
        <TextEquiv>
          <Unicode>de una estocada en un brazo.</Unicode>
        </TextEquiv>
      </TextLine>

      
      
      <TextLine id="r2l22" >
        <Coords points="1033,1032 1033,980 1502,1002 1504,1040 1502,1055 1275,1062 1273,1062 1273,1062 1273,1062 1271,1062 1271,1062 1245,1051 1245,1049 1028,1045"/>
        <Baseline points="1035,1033 1068,1034 1101,1034 1134,1034 1167,1035 1200,1035 1233,1036 1266,1036 1299,1037 1332,1037 1366,1038 1399,1039 1432,1040 1465,1041 1498,1042 1506,1042"/>
        <TextEquiv>
          <Unicode>En la casa del Obispo</Unicode>
        </TextEquiv>
      </TextLine>

      
      
      <TextLine id="r2l23" >
        <Coords points="1028,1083 1028,1034 1581,1053 1581,1092 1577,1111 1024,1096"/>
        <Baseline points="1031,1084 1064,1084 1097,1083 1130,1083 1164,1083 1197,1084 1230,1084 1264,1085 1297,1086 1330,1086 1364,1088 1397,1088 1430,1089 1463,1090 1497,1091 1530,1092 1563,1093 1583,1094"/>
        <TextEquiv>
          <Unicode>un mes se estuvo curando, </Unicode>
        </TextEquiv>
      </TextLine>

      
      
      <TextLine id="r2l24" >
        <Coords points="1033,1130 1033,1087 1539,1096 1541,1141 1536,1158 1028,1143"/>
        <Baseline points="1035,1132 1068,1131 1101,1131 1134,1131 1167,1131 1201,1132 1234,1133 1267,1133 1300,1135 1333,1136 1367,1137 1400,1138 1433,1140 1466,1141 1499,1142 1533,1143 1543,1143"/>
        <TextEquiv>
          <Unicode>sanó, y se vino á Jerez, </Unicode>
        </TextEquiv>
      </TextLine>

      
      
      <TextLine id="r2l25" >
        <Coords points="1035,1177 1035,1130 1247,1141 1264,1137 1292,1130 1294,1130 1294,1130 1296,1130 1296,1130 1296,1130 1298,1130 1298,1130 1301,1130 1316,1139 1322,1143 1331,1139 1350,1132 1350,1132 1352,1132 1352,1132 1354,1132 1354,1132 1354,1132 1356,1132 1384,1141 1395,1145 1401,1143 1419,1135 1419,1135 1419,1135 1421,1135 1421,1135 1423,1135 1423,1135 1425,1135 1464,1145 1470,1145 1476,1145 1528,1137 1528,1137 1530,1137 1530,1137 1639,1152 1641,1192 1637,1210 1031,1192"/>
        <Baseline points="1037,1180 1070,1180 1104,1180 1137,1180 1171,1180 1205,1181 1238,1181 1272,1182 1305,1182 1339,1183 1373,1184 1406,1185 1440,1186 1473,1187 1507,1188 1541,1190 1574,1191 1608,1193 1641,1195 1643,1195"/>
        <TextEquiv>
          <Unicode>á donde con Pedro Manso, </Unicode>
        </TextEquiv>
      </TextLine>

      
      
      <TextLine id="r2l26" >
        <Coords points="1037,1227 1037,1184 1639,1195 1641,1242 1637,1255 1033,1246"/>
        <Baseline points="1038,1229 1071,1229 1105,1229 1138,1229 1172,1229 1205,1230 1239,1230 1272,1231 1306,1231 1339,1232 1373,1233 1407,1234 1440,1235 1474,1237 1507,1238 1541,1239 1574,1241 1608,1242 1641,1243 1643,1243"/>
        <TextEquiv>
          <Unicode>el guapo de aquella tierra,</Unicode>
        </TextEquiv>
      </TextLine>

      
      
      <TextLine id="r2l27" >
        <Coords points="1035,1276 1035,1233 1639,1248 1641,1289 1639,1306 1253,1308 1251,1308 1136,1295 1054,1304 1054,1304 1052,1304 1052,1304 1050,1304 1050,1304 1050,1304 1048,1304 1026,1291"/>
        <Baseline points="1037,1278 1069,1277 1102,1277 1135,1278 1167,1278 1200,1278 1233,1279 1265,1279 1298,1280 1331,1281 1364,1282 1396,1282 1429,1284 1462,1285 1494,1286 1527,1287 1560,1288 1592,1289 1625,1290 1643,1291"/>
        <TextEquiv>
          <Unicode>con él tuvo un cierto enfado;</Unicode>
        </TextEquiv>
      </TextLine>

      
      
      <TextLine id="r2l28" >
        <Coords points="1026,1329 1024,1287 1335,1282 1337,1282 1474,1299 1474,1338 1470,1355 1022,1342"/>
        <Baseline points="1027,1332 1061,1330 1095,1329 1129,1328 1163,1327 1197,1328 1231,1328 1265,1329 1299,1330 1333,1332 1368,1334 1402,1335 1436,1337 1470,1339 1475,1339"/>
        <TextEquiv>
          <Unicode>y para desenfadarse,</Unicode>
        </TextEquiv>
      </TextLine>

      
      
      <TextLine id="r2l29" >
        <Coords points="1028,1374 1026,1338 1123,1327 1123,1327 1125,1327 1560,1347 1562,1385 1558,1404 1024,1392"/>
        <Baseline points="1029,1375 1062,1375 1095,1375 1128,1375 1161,1376 1195,1376 1228,1376 1261,1377 1294,1378 1327,1379 1361,1380 1394,1380 1427,1382 1460,1383 1493,1384 1527,1385 1560,1386 1563,1386"/>
        <TextEquiv>
          <Unicode>se salió con él al campo:</Unicode>
        </TextEquiv>
      </TextLine>

      
      
      <TextLine id="r2l30" >
        <Coords points="1028,1422 1028,1374 1560,1392 1562,1434 1558,1456 1024,1437"/>
        <Baseline points="1031,1424 1064,1424 1097,1424 1130,1424 1163,1425 1196,1425 1229,1426 1262,1426 1295,1427 1328,1428 1362,1429 1395,1430 1428,1431 1461,1432 1494,1433 1527,1434 1560,1435 1563,1435"/>
        <TextEquiv>
          <Unicode>sin ofenderse uno á otro,</Unicode>
        </TextEquiv>
      </TextLine>

      
      
      <TextLine id="r2l31" >
        <Coords points="1031,1469 1031,1424 1511,1437 1511,1484 1506,1507 1026,1484"/>
        <Baseline points="1032,1471 1057,1472 1082,1473 1107,1474 1133,1475 1158,1475 1183,1475 1209,1475 1234,1476 1259,1476 1285,1476 1310,1476 1335,1476 1361,1477 1386,1477 1411,1479 1437,1480 1462,1481 1487,1483 1513,1485"/>
        <TextEquiv>
          <Unicode>hora y media pelearon,</Unicode>
        </TextEquiv>
      </TextLine>

      
      
      <TextLine id="r2l33" >
        <Coords points="1033,1522 1033,1473 1494,1488 1496,1529 1491,1548 1028,1546"/>
        <Baseline points="1035,1523 1068,1523 1102,1523 1135,1523 1169,1524 1202,1524 1236,1525 1269,1525 1303,1526 1336,1526 1370,1527 1403,1528 1437,1529 1470,1530 1497,1531"/>
        <TextEquiv>
          <Unicode>hicieron las amistades</Unicode>
        </TextEquiv>
      </TextLine>

      
      
      <TextLine id="r2l34" >
        <Coords points="1028,1569 1028,1531 1588,1542 1588,1582 1584,1601 1024,1589"/>
        <Baseline points="1029,1571 1062,1571 1096,1572 1130,1572 1164,1572 1198,1572 1232,1573 1266,1573 1300,1574 1334,1575 1368,1576 1401,1576 1435,1577 1469,1578 1503,1579 1537,1581 1571,1582 1589,1583"/>
        <TextEquiv>
          <Unicode>con mucho gusto y agrado.</Unicode>
        </TextEquiv>
      </TextLine>

      
      
      <TextLine id="r2l35" >
        <Coords points="1035,1619 1035,1569 1138,1584 1196,1576 1215,1574 1215,1574 1217,1574 1217,1574 1217,1574 1219,1574 1234,1578 1266,1586 1281,1580 1290,1576 1290,1576 1292,1576 1292,1576 1292,1576 1294,1576 1586,1595 1588,1631 1584,1651 1031,1629"/>
        <Baseline points="1037,1620 1070,1620 1103,1620 1136,1620 1169,1620 1202,1621 1235,1622 1268,1622 1301,1623 1334,1624 1368,1625 1401,1626 1434,1627 1467,1629 1500,1630 1533,1631 1566,1632 1589,1633"/>
        <TextEquiv>
          <Unicode>Ella caminó á Jaen, </Unicode>
        </TextEquiv>
      </TextLine>

      
      
      <TextLine id="r2l36" >
        <Coords points="1028,1668 1028,1625 1650,1638 1650,1681 1646,1702 1024,1681"/>
        <Baseline points="1031,1669 1063,1669 1096,1669 1129,1670 1161,1670 1194,1670 1227,1671 1259,1671 1292,1671 1325,1672 1358,1673 1390,1673 1423,1674 1456,1675 1488,1676 1521,1676 1554,1678 1586,1679 1619,1680 1651,1682"/>
        <TextEquiv>
          <Unicode>donde un dia en el mercado,</Unicode>
        </TextEquiv>
      </TextLine>

      
      
      <TextLine id="r2l37" >
        <Coords points="1031,1717 1031,1670 1562,1685 1564,1726 1560,1743 1071,1741 1071,1741 1071,1741 1069,1741 1024,1728"/>
        <Baseline points="1033,1718 1066,1718 1099,1718 1132,1718 1166,1718 1199,1719 1232,1719 1266,1720 1299,1721 1332,1721 1366,1722 1399,1723 1432,1724 1465,1725 1499,1726 1532,1727 1565,1728 1566,1728"/>
        <TextEquiv>
          <Unicode>á un primo de Serafin,</Unicode>
        </TextEquiv>
      </TextLine>

      
      
      <TextLine id="r2l38" >
        <Coords points="1028,1766 1026,1726 1556,1730 1558,1775 1554,1796 1024,1779"/>
        <Baseline points="1029,1767 1062,1766 1095,1766 1128,1766 1162,1766 1195,1767 1228,1767 1262,1768 1295,1768 1328,1769 1362,1770 1395,1771 1428,1772 1461,1773 1495,1775 1528,1775 1560,1776"/>
        <TextEquiv>
          <Unicode>el que estuvo aprisionado</Unicode>
        </TextEquiv>
      </TextLine>

      
      
      <TextLine id="r2l39" >
        <Coords points="1026,1813 1024,1773 1309,1769 1311,1769 1498,1784 1500,1824 1496,1839 1022,1828"/>
        <Baseline points="1028,1815 1054,1815 1080,1816 1106,1816 1133,1817 1159,1817 1185,1817 1211,1817 1238,1817 1264,1817 1290,1817 1317,1817 1343,1818 1369,1819 1395,1820 1422,1820 1448,1822 1474,1824 1501,1826"/>
        <TextEquiv>
          <Unicode>en la Corte de Madrid,</Unicode>
        </TextEquiv>
      </TextLine>

      
      
      <TextLine id="r2l41" >
        <Coords points="1037,1861 1035,1822 1200,1813 1202,1813 1202,1813 1202,1813 1204,1813 1204,1813 1204,1813 1206,1813 1206,1813 1219,1824 1219,1824 1219,1824 1301,1816 1301,1816 1303,1816 1303,1816 1305,1816 1305,1816 1305,1816 1307,1816 1307,1816 1322,1826 1322,1826 1322,1826 1384,1818 1384,1818 1386,1818 1386,1818 1386,1818 1389,1818 1389,1818 1391,1818 1408,1828 1408,1828 1410,1828 1457,1820 1457,1820 1457,1820 1459,1820 1659,1835 1659,1876 1654,1895 1215,1893 1215,1893 1215,1893 1198,1891 1121,1880 1035,1888"/>
        <Baseline points="1039,1863 1070,1864 1101,1865 1132,1865 1163,1866 1194,1866 1225,1867 1256,1867 1287,1867 1318,1868 1350,1868 1381,1869 1412,1869 1443,1870 1474,1870 1505,1871 1536,1872 1567,1873 1598,1874 1629,1876 1661,1877"/>
        <TextEquiv>
          <Unicode>quiso á un Labrador honrado</Unicode>
        </TextEquiv>
      </TextLine>

      
      
      <TextLine id="r2l42" >
        <Coords points="1033,1910 1033,1867 1521,1884 1521,1923 1517,1944 1361,1931 1322,1936 1288,1940 1288,1940 1286,1940 1286,1940 1283,1940 1283,1940 1283,1940 1281,1940 1281,1940 1281,1938 1275,1933 1271,1929 1208,1929 1073,1933 1071,1933 1071,1933 1069,1933 1026,1921"/>
        <Baseline points="1035,1912 1060,1913 1086,1913 1111,1914 1137,1914 1163,1915 1188,1915 1214,1915 1240,1915 1265,1916 1291,1916 1316,1916 1342,1916 1368,1917 1393,1918 1419,1919 1445,1920 1470,1921 1496,1923 1522,1925"/>
        <TextEquiv>
          <Unicode>engañarle en un doblon,</Unicode>
        </TextEquiv>
      </TextLine>

      
      
      <TextLine id="r2l44" >
        <Coords points="1035,1957 1035,1921 1500,1925 1502,1968 1498,1985 1031,1976"/>
        <Baseline points="1037,1959 1062,1960 1088,1961 1114,1962 1140,1963 1166,1964 1192,1964 1218,1965 1244,1965 1270,1965 1295,1965 1321,1966 1347,1966 1373,1967 1399,1967 1425,1968 1451,1968 1477,1969 1503,1970"/>
        <TextEquiv>
          <Unicode>y ella lo estaba mirando;</Unicode>
        </TextEquiv>
      </TextLine>

      
      
      <TextLine id="r2l45" >
        <Coords points="1033,2004 1033,1966 1511,1976 1511,2017 1506,2030 1028,2028"/>
        <Baseline points="1034,2005 1059,2008 1084,2009 1109,2011 1134,2012 1160,2013 1185,2013 1210,2013 1235,2014 1260,2014 1286,2014 1311,2014 1336,2014 1361,2014 1386,2014 1412,2015 1437,2015 1462,2016 1487,2018 1513,2019"/>
        <TextEquiv>
          <Unicode>y porque vido la infamia</Unicode>
        </TextEquiv>
      </TextLine>

      
      
      <TextLine id="r2l46" >
        <Coords points="1037,2058 1037,2013 1558,2023 1558,2068 1554,2085 1033,2070"/>
        <Baseline points="1039,2060 1065,2060 1091,2060 1117,2061 1143,2061 1169,2061 1195,2061 1221,2061 1247,2062 1273,2062 1299,2062 1325,2063 1351,2063 1377,2064 1403,2064 1429,2065 1455,2066 1481,2066 1507,2067 1533,2068 1560,2069"/>
        <TextEquiv>
          <Unicode>de aquel falso y vil engaño,</Unicode>
        </TextEquiv>
      </TextLine>

      
      
      <TextLine id="r2l47" >
        <Coords points="1028,2105 1028,2062 1498,2075 1498,2118 1494,2130 1024,2124"/>
        <Baseline points="1031,2106 1057,2108 1083,2109 1109,2111 1135,2111 1161,2112 1187,2112 1213,2112 1239,2112 1265,2112 1291,2112 1317,2112 1343,2112 1369,2112 1395,2113 1421,2114 1447,2115 1473,2117 1499,2120"/>
        <TextEquiv>
          <Unicode>se trabaron de palabras,</Unicode>
        </TextEquiv>
      </TextLine>

      
      
      <TextLine id="r2l48" >
        <Coords points="1022,2163 1018,2120 1558,2115 1562,2163 1556,2238 1513,2223 1457,2240 1436,2246 1434,2246 1434,2246 1434,2246 1431,2246 1431,2246 1429,2246 1429,2246 1429,2246 1419,2242 1382,2223 1277,2223 1211,2246 1196,2250 1196,2250 1193,2250 1193,2250 1191,2250 1018,2248"/>
        <Baseline points="1023,2164 1050,2163 1077,2163 1104,2162 1131,2162 1158,2162 1185,2162 1212,2162 1239,2162 1266,2162 1293,2162 1320,2163 1347,2163 1374,2163 1401,2164 1428,2164 1455,2164 1482,2164 1509,2164 1536,2164 1564,2164"/>
        <TextEquiv>
          <Unicode>y él arrancando un terciado</Unicode>
        </TextEquiv>
      </TextLine>

      
    </TextRegion>
    

    
  </Page>
</PcGts>
