1676 2428
257 153 295 182 6
161 165 724 236 este es Principe encubierto;
906 165 1410 230 salieron los dos amantes,
161 212 781 291 mas que el amor me despeñe,
906 206 1412 277 sin que nadie lo sintiese.
161 261 649 341 sea Principe, ó Villano,
904 261 1388 329 Toda la noche caminan;
161 315 641 394 o sea loco, ó prudente,
898 313 1390 390 y al ser de dia, parecen
157 370 686 441 este mi esposo lia de ser,
896 374 1501 447 cerca de allí unas montañas,
157 420 690 489 misterio el Retrato tiene:
904 432 1360 493 donde ván á recogerse
161 477 694 548 mas que digo 9 Loca estoy!
900 477 1344 540 en lo áspero, y oculto
161 528 730 598 mi crédito pues, mi oriente,
902 522 1447 596 de sus bosques eminentes;
163 586 554 649 cuva luz al rosicler
902 576 1512 651 con prevenciones bien cortas,
161 637 684 702 del día empuñarle puede!
900 627 1404 698 de todos los menesteres*.
163 681 734 758 Mas, y mí amor (ay de mi!)
900 685 1475 758 Viendo en Palacio, que falta
902 732 1398 803 la Princesa, y no parece
161 740 740 809 que me aprieta Ios-cordeles,
161 793 700 861 en un horndre tan bizarro,
902 785 1339 857 el jardinero tampoco,
165 841 704 914 como el Retrato lo ofrece?
904 839 1546 912 mandó el Rey, que brevemente
161 900 815 967 Este es Principe, y se encubre;
904 896 1390 965 saliesen cien Caballeros
161 946 669 1023 mas sea lo que se fuere,
902 944 1378 1019 por caminos diferentes,
906 1007 1501 1070 que vivos, ó muertos ambos,
163 1005 649 1074 que no seré la primera,
904 1062 1404 1124 á su presencia tragesen,
168 1058 688 1129 que á liviandad se sujete.
163 1112 625 1177 Asi andaba enamorada
904 1106 1356 1179 para darles el castigo,
165 1173 653 1238 del jardinero, de suerte,
906 1165 1350 1228 (pie su delito merece.
906 1216 1463 1284 Los dos caminan de noche,
165 1226 706 1288 que apretando las clavijas,
163 1266 793 1341 rompieron las cuerdas fuertes.
902 1258 1384 1331 de dia [raían, de suerte,
168 1317 728 1392 Vivió encubierto este amor,
906 1327 1479 1385 (pie aquestos amantes nunca
168 1375 759 1446 por buena cuenta seis meses;
906 1367 1453 1442 fue posible, que los viesen.
165 1430 682 1497 y al fin de aquesto le dijo
908 1422 1346 1493 Prosiguieron su viage
168 1475 659 1547 á la Princesa que quiere
908 1481 1437 1549 con trabajo, pues á veces,
163 1533 684 1602 irse á su tierra, mas ella,
908 1523 1404 1600 ni pan confian, ni abrigo
170 1592 684 1659 sin mirar inconvenientes,
908 1576 1463 1651 hallaban quien se lo diese,
170 1642 730 1713 ni reparar, que es Princesa
906 1634 1360 1703 pasando por el camino
170 1695 657 1762 de Dinamarca, pretende
908 1687 1514 1758 hambre, sed, pesares fuertes,
168 1742 793 1814 irse con él, que no hay cosa,
898 1733 1352 1810 (pie Liliberto le daba,
172 1798 734 1867 como una muger lo intente,
908 1794 1416 1863 pues en loco permanece.
910 1843 1457 1914 Sorprendidos fueron ambos
172 1843 645 1920 que no la haga resuelta
912 1899 1392 1962 de Ladrones insolentes,
170 1897 752 1972 aunque el diablo se la lleve.
174 1956 732 2025 A este tiempo á la Duquesa
916 1952 1410 2013 cuando Filiberto en ellos
178 2005 740 2075 le dió un notable accidente,
912 2007 1344 2069 estrago hizo valiente,
914 2055 1394 2122 Pasó en fin este trabajo
180 2055 669 2136 y viendo los dos el caso
916 2100 1451 2175 la Princesa, mas lo siente,
176 2122 672 2181 tan apretado, y urgente,
920 2150 1364 2233 por haberle dicho él,
176 2166 663 2239 por un posliguillo falso,
161 2213 797 2306 que por dicha el jardín tiene.
904 2207 1463 2304 que de baja estirpe viene,
