1765 2512
378 244 401 274 4
280 223 764 316 Por eso que yo soy rica,
282 297 669 383 y le supliré la falla.
280 345 841 435 Viendo D. Juan; que su hija
284 416 822 494 con razones noise ablanda,
288 464 845 552 la encerró en un cuarto sola
284 531 868 615 sin quererle dar ni aun agua.
291 584 803 663 Túvola allí un dia entero,
295 638 751 728 y á la noche la sacaba,
293 703 753 795 y llevándola á la mesa,
293 764 707 843 á su lado la sentaba,
297 810 854 906 y despues de haber cenado
299 872 785 954 comidas muy regaladas,
299 937 711 1008 dijóle: hija querida,
299 990 837 1078 por Dios el gusto me hagas
307 1063 766 1124 de querer á D. Martin,
303 1109 862 1193 que os estimaré en el alma:
307 1174 816 1245 No quieras, hija querida,
311 1228 873 1306 no permitas prenda amada,
311 1291 801 1362 que yo quede desairado,
311 1341 778 1423 por tallar á mi palabra,
316 1400 829 1484 porque como falte á ella,
320 1454 856 1536 seran mis congojas tantas,
320 1515 866 1597 que muera de pesadumbre
320 1576 810 1651 solamente por tu causa.
328 1626 787 1708 Respondió Doña Maria:
328 1689 766 1773 porfías son esclusadas;
330 1754 799 1823 Señor, esa pesadumbre
334 1804 961 1881 usted es quien quiere buscarla,
332 1867 820 1955 porque yo no se la doy,
339 1921 778 2001 ni tal cosa imaginara;
337 1994 760 2064 D. Diego de Peñaloza
339 2036 873 2120 es quien conmigo se casa,
334 2095 875 2177 que á D. Martin aborrezco,
343 2149 891 2233 sin que otra novedad haya.
351 2210 856 2292 Esto que ha oido D. Juan,
345 2281 881 2357 sacó un puñal do lo baina,
353 2327 866 2430 y al tiempo de ir á tirarle
998 198 1570 303 llegó su esposa, y lo abraza,
1000 274 1463 364 poniéndose por delante
1004 339 1484 412 las doncellas, y criadas.
1002 401 1446 477 Salió su hija huyendo,
1007 447 1515 533 y él dijo: Traidora, anda,
1004 502 1540 596 que te juro por quien soy,
1007 565 1589 648 de hacer una accion tan rara,
1007 623 1522 707 que ni D. Martin le lleve,
1011 688 1425 764 ni Peñaloza te valga.
1013 755 1526 824 Asi estuvo aquella noche,
1015 791 1543 883 discurriendo modo y traza
1019 864 1436 946 para reducir su hija,
1019 912 1605 1002 que hiciese lo que le manda;
1023 973 1494 1059 discurrió (¡qué tirania!)
1030 1034 1574 1111 la crueldad mas inhumana,
1023 1080 1614 1178 que se ha oido, ni se ha visto
1032 1142 1547 1228 en todo cuanto el sol tapa,
1034 1201 1616 1287 que fue llevarla á los Montes,
1040 1262 1528 1350 y en un árbol amarrarla,
1042 1322 1473 1406 y si no se reconviene,
1038 1379 1503 1459 dejársela allí ó matarla.
1042 1448 1453 1521 Púsolo en ejecucion,
1046 1484 1628 1590 y antes que rompiese el Alba
1046 1555 1411 1628 de su casa la sacó
1048 1611 1564 1693 en un caballo á las ancas,
1051 1664 1635 1752 diciéndole que á un convento
1048 1729 1415 1808 iban á depositarla.
1053 1789 1689 1873 Por fin, se metió en los montes
1053 1844 1549 1938 por los cerros y cañadas,
1057 1907 1601 1982 hasta que en el mas oculto
1061 1965 1557 2043 sitio, queso le antojaba,
1061 2020 1547 2105 que aun apenas se podia
1065 2087 1503 2158 hacer existencia clara
1067 2137 1555 2218 si era noche, o era dia,
1067 2200 1595 2281 por la espesura de ramas,
1074 2241 1633 2334 de árboles, pinos, y encinas
1071 2306 1607 2413 laureles, olmos, y palmas.
