1737 2508
1135 280 1438 374 (Numero 217.)
160 1381 1500 1479 ROMANCE GRACIOSO Y ENTRETENIDO,
131 1496 1534 1569 En que se refiere el Testamento que hizo el maldito Judas al pie
125 1536 1534 1630 del Saúco, las manda que dejó de sus bienes, y los Albaceas que
125 1592 1527 1676 señaló: Compuesto por un Calabré que fue Cómitre en las Galeras,
119 1649 1532 1738 y Ventero de la venta Quemada, alojamiento de ladrones, de gara¬
438 1701 1208 1795 batos, y esponja de bolsas y cueros.
167 1874 689 1939 Después que Judas taidor
114 1910 631 1985 logró su malvado intento,
114 1966 725 2033 que fué vender lo que es mas,
112 2012 620 2081 por tan vil y bajo precio,
112 2067 679 2131 llevaba el Diablo en el alma,
114 2108 712 2181 teniendo á Dios en el cuerpo,
112 2154 583 2227 haciendo por la codicia
112 2207 512 2273 de la triaca veneno.
110 2261 572 2338 Corriendo desesperado
842 1881 1454 1945 hechó ol dinero en el Templo,
844 1931 1339 1993 y aunque dijo yo pequé,
840 1975 1350 2037 no tuvo arrepentimiento.
842 2016 1316 2083 Entregó al Dulce Jesús
840 2064 1310 2138 á los pérfidos Hebreos,
842 2123 1458 2186 y desde el Templo, no es nada,
840 2173 1492 2232 se fué é hechar el lazo al cuello.
838 2215 1348 2286 Al pie del Sahuco infame
840 2261 1417 2349 se puso á hacer Testamento,
