1188 1758
743 102 762 158 2
280 139 1120 200 Alc. Es que hay burros y burras diferentes,
409 186 1101 247 y tienen del lugar muchos parientes.
396 230 772 288 Dile un cachete::::
278 281 808 334 Esc. Es cosa mal pensada.
277 326 1012 380 Alc. Valganos Dios! sino traia espada!
274 369 1177 420 Esc. Por que fué la pendencia, estoy dudando.
275 417 1006 467 Alc. Os lo diré: Yo me iba paseando
407 460 1182 511 (como tengo á Dios gracia tan buen talle)
406 492 1164 562 y encuentro con el burro en cierta calle.
406 539 1014 600 Dígele: buenas tardes camarada;
407 584 979 644 y cual fuera yo alguna cebada,
404 628 1056 688 alzó el hocico, y con los ojos tiesos
406 670 1148 732 medió en aquestas barbas treinta besos.
274 722 787 772 Esc. No veis que se reia?
274 770 682 818 Alc. Eso os malicia:
409 813 1025 859 nadie se ha de reir de la Justicia.
272 857 1048 909 Esc. Sin razon de eso estais enfurecido.
256 900 1057 955 Alc. Dígale que es un burro mal reido;
406 941 1066 999 y me atrevo, poquito mas ó menos,
407 984 1089 1041 á jurar que no es hijo de los buenos.
278 1034 860 1084 Esc. Y el borrico que os dijo?
274 1076 728 1129 Alc. Ese es mi enfado,
407 1116 1108 1180 que no me dijo (bien ni mal habrado)
406 1158 764 1220 perdone su mested.
274 1208 684 1258 Esc. Eso son quejas.
274 1255 1026 1308 Alc. Si díjo asi, que nó, con las orejas.
277 1297 1045 1352 Esc. Aqueso es que las moscas sacudía.
274 1337 828 1391 Alc. Escribano, en verdad?
272 1381 658 1438 Esc. Por vida mia.
274 1434 679 1481 Alc. Con las o ejas?
271 1472 470 1529 Esc. Si.
271 1520 677 1573 Alc. Linda mamola!
403 1557 1111 1618 pues no pudo so hacello con la co a?
269 1611 1123 1662 Esc. En fin, es bueno, no hay sino deja o.
265 1648 1100 1702 Alc. En fin me besó, he de aleicallo
