1765 2512
307 1256 655 1293 SÉTIMO DOLOR.
194 2095 1561 2174 Afligidísima Madre de Dios y Señora mia, de todo mi corazón me pesa de haber
157 2133 1564 2214 ofendido ó tu amantisimo Unigénito Hijo, mi Señor Jesucristo, viendo que los gol¬
154 2168 1564 2262 pes que dieron mis culpas en su Cuerpo, han sido penetrantes cuchillos que atravie¬
159 2214 1564 2296 san tu corazón. ¡Oh Madre llena de Dolores! me pesa de haberos ofendido, y pro¬
159 2248 1570 2344 pongo de nunca mas pecar, rogándote me alcances la gracia de cumplirlo y el
159 2300 1025 2386 perdón que espero mediante tu piadosa intercesi-on.
611 2011 1111 2105 ACTO DE CONTRICION.
303 2371 1430 2468 REIMPRESO EN CARMONA:—Imprenta de D. José Maria Moreno.
852 284 1365 351 en un nuevo monumento.
123 297 649 364 le unjieron estos piadosos
900 326 1432 395 Pero yo aunque agradecía
123 343 634 412 varones, que me asistían
854 385 1256 439 fineza tan amorosa,
123 389 632 466 en trance tan congojoso.
856 424 1402 496 dando á mi Hijo les decia:
173 443 709 517 Yo que le estaba mirando
854 473 1427 546 lomad esta prenda hermosa
127 491 609 558 de los pies á la cabeza,
127 531 720 613 mi dolor siempre avivando,
850 508 1459 602 que otra igual no se hallaría.
906 569 1415 642 San Juan y la Magdalena
129 586 636 663 con una amarga tristeza
858 615 1419 684 me llevaron en sus brazos;
136 638 556 707 le decía suspirando;
858 669 1335 736 todos cargados de pena
182 688 636 747 Hijo mió muy amado,
860 707 1417 787 fuimos siguiendo los pasos
131 722 716 816 ¿quién os coronó de espinas
860 766 1457 839 donde él sepulcro se ordena.
136 774 615 858 y os abrió este costado
908 812 1417 881 Llegamos al monumento
133 822 705 906 y estas manos tan divinas,
862 860 1430 925 donde con piedad honrosa,
136 866 701 954 y vuestros pies taladrados?
862 906 1323 975 depositaron el Cuerpo
186 925 741 988 Si aqueste dolor tan tuerte
864 952 1327 1019 tapándole con la losa;
140 965 757 1048 contemplas, dejando el vicio,
133 1019 743 1096 de lo que Dios te haga cargo
868 979 1459 1086 ¡contemplad mi sentimiento!
912 1052 1467 1117 Triste está la Virgen pura
138 1063 550 1138 en el dia del Juicio,
868 1105 1363 1165 aquel sepulcro mirando,
133 1113 688 1207 yo liaré por tí el descargo.
866 1155 1360 1218 cual jamás vió criatura,
868 1199 1367 1260 á su Hijo contemplando
868 1243 1413 1312 con tal dolor y amargura.
919 1295 1371 1360 Está viva y sepultada,
194 1308 766 1389 ¡Oh qué angustia, pecador!
873 1350 1392 1408 está muerta y tiene vida,
142 1352 676 1438 ¡oh qué dolor tan proligo!
870 1383 1306 1456 está llagada y herida
140 1408 634 1484 ¡oh qué pena sin igual
870 1429 1430 1507 viendo muerto y destrozado
148 1450 669 1523 es el verme sin mi Hijo,
877 1477 1430 1557 al que era su Luz querida.
146 1494 644 1580 y el no poderle abrazar!
927 1532 1450 1611 Todas estas siete espadas
196 1549 774 1618 Los varones, con quebranto
146 1599 657 1674 me decían; gran Señora,
870 1590 1293 1660 pasaron su corazón,
879 1628 1423 1699 si de tí son contempladas,
150 1645 699 1716 no os entreguéis al llanto,
873 1676 1289 1752 gozarás el galardón
148 1691 686 1770 que ya ha llegado la hora
875 1712 1360 1791 en la Celestial morada.
150 1739 682 1812 de su entierro sacrosanto.
921 1781 1316 1848 Afligida Madre mia
198 1800 697 1869 Mitigad tanto tormento,
152 1842 617 1909 cese ya esa pena dura,
875 1831 1337 1898 yo siento veros penar,
152 1873 760 1963 dadnos el Cuerpo sangriento
883 1867 1383 1948 y por si os puedo aliviar
881 1927 1335 2003 rezaré una Ave-Maria.
150 1934 573 2020 para darle sepultura
