1765 2512
649 226 1101 284 Es el moreno agraciado
605 265 1063 328 la mas bella perfección,
600 309 1004 376 y se lleva la atención
596 341 1130 422 que Cupido lo ha premiado.
238 410 636 464 Tengo yo mi corazón
194 441 688 506 como la flor de un jardín,
194 494 602 548 cual mas bello serafín
194 527 709 596 y de muy buena intención;
194 577 575 636 recato y ostentacio-u
192 617 646 680 correspondido y pagado,
192 657 722 730 pues está de amor premiado
196 703 646 766 de una bella hermosura,
190 749 713 814 que el bien de una criatura
194 801 646 854 es el moreno agraciado.
240 839 690 904 Te quiero, bella deidad,
196 889 634 946 y por tí padezco penas,
194 923 657 985 te quiero, linda morena,
194 967 602 1027 con toda mi voluntad;
196 1011 504 1073 oscura tu deidad
196 1048 623 1119 y hermoso tu corazón,
198 1105 636 1159 tengo puesta mi afición
196 1140 667 1203 en tu agraciado moreno,
200 1191 632 1249 de modo que considero
200 1230 655 1302 la mas bella perfección.
969 399 1409 462 Eres para mí el reposo,
923 439 1413 502 tú eres el bien que poseo,
923 487 1421 544 tú eres mi mayor recreo,
923 527 1285 586 eres clavel oloroso:
923 567 1423 634 que me tengo por dichoso,
923 613 1333 680 dueño de mi corazón,
923 655 1289 722 arríame con afición,
919 697 1356 759 que me das dulzura tal
923 745 1406 810 dando consuelo á mi mal,
925 789 1383 856 que.se lleva la atención.
969 839 1421 893 Eres sol, luna y estrella;
925 883 1348 944 eres clavel y eres rosa,
923 929 1327 981 eres azucena olorosa,
927 965 1390 1029 y el imán queyo venero:
925 1008 1333 1067 tú eres sola mi recreo
927 1048 1425 1115 y el dueño de mi cuidado;
925 1103 1360 1161 eres el cielo estrellado,
927 1145 1331 1203 eres Minerva y Diana,
925 1186 1342 1247 eres como la manzana
923 1222 1450 1293 que Cupido la ha premiado.
642 1276 1128 1337 Hoy pregunta la memoria
594 1322 971 1381 á til gran sabiduría,
594 1362 1088 1423 ¿qué cosa, mi Dios, liaría,
594 1406 1099 1477 antes de formar la gloria?
244 1454 688 1511 Del Génesis la Escritura
198 1494 674 1555 lea lodo aquel que quiera
196 1540 678 1601 saber del modo y manera
196 1590 682 1647 que hizo Dios la criatura;
198 1628 653 1687 allí verá en su escritura
198 1672 676 1731 de la tierra y de ia gloria,
198 1716 713 1779 pues por la sagrada historia
198 1752 646 1819 lodo se va trasluciendo,
203 1804 628 1865 y luego viene diciendo:
205 1848 699 1904 hoy pregunta la memoria.
244 1894 646 1950 En dicho libro se lee,
200 1921 701 1997 que el mundo un caos era,
203 1974 646 2036 en el que nada existiera
200 2020 711 2080 de cuanto en él hoy se vé,
203 2064 722 2126 después por Dios hecho fue
203 2105 661 2168 la noche y la luz del día,
203 2154 705 2214 tierra, cielo, cuanto había,
203 2193 672 2258 y luego por consiguiente,
203 2241 613 2300 se lo hago boy patente
207 2281 582 2355 á tu gran sabiduría.
973 1450 1520 1511 De un llágase, Omnipotente,
925 1494 1365 1561 formó peces en el mar,
925 1534 1319 1599 hizo la tierra brotar,
925 1576 1409 1643 y crió el sol ton ardiente,
925 1624 1386 1689 dio á la luna sabiamente
925 1664 1371 1731 su luz tan opaca y (Via,
927 1708 1323 1773 después a! sétimo dia
927 1752 1476 1821 formó el hombre y la muger;
927 1804 1394 1863 pero antes de esto hacer
925 1842 1423 1907 ¿qué cosa, mi Dios, baria?
975 1896 1427 1942 En la sagrada Escritura
929 1917 1413 1994 dice, cual verse se puede,
927 1971 1423 2034 que Dios de nada procede
929 2013 1455 2080 y sin Dios no hubiera nada;
929 2059 1302 2122 esta opinión sentada
931 2112 1411 2168 es bien pública y notoria,
927 2154 1425 2212 por lo tanto á tu memoria
931 2198 1312 2254 contesto este dia yo;
929 2281 1325 2300 que asi todo se formó
927 2277 1406 2355 a ules de formar la gloria.
