1765 2512
280 175 914 261 porque es contristar á ustedes
280 238 795 309 en igual de ir alegrarlos.
280 295 768 368 Señores, lo que socede
282 351 860 431 en este mundo es un Fasgo ;
282 404 772 483 de lo que amí me pasó;
284 464 812 542 es un lance muy pesado:
284 525 885 607 si cada ve* que me acuerda
286 590 808 663 me quedo pampaneando;
282 646 829 728 quisiera tener mil lenguas
278 703 749 785 para poder esp'icarlo:
280 761 755 843 válgame aquí Cicerón,
282 828 814 900 Egipcios y Longobardos,
282 881 728 960 y todos los Filosófos,
278 937 812 1015 con todos sus explicasios;
282 1008 743 1080 quisiera ser elocuente
280 1055 801 1142 para elocuenlar un rato:
280 1122 688 1193 ustedes perdonarán
278 1172 843 1247 mis hipérboles tan bastos.
278 1230 885 1318 Empiezo, pues, mis Señores,
280 1295 749 1366 á amplificar este caso:
280 1350 885 1436 digo pues, no quiero decirlo,
278 1408 841 1486 que es cosa de dar cuidado
284 1469 850 1553 á todos los que aqui están,
280 1519 958 1622 y se han de quedar temblando,-
276 1597 713 1670 pero si yo no lo digo
272 1645 858 1720 me he de morir de callarlo:
278 1714 770 1781 á decirlo voy, Señores,
274 1775 780 1842 ya veo que será chasco,
278 1819 829 1902 darle á ustedes que sentir,
274 1884 877 1967 venga lo que venga, al caso.
278 1944 824 2026 Pues Señores, esta noche,
276 2020 963 2101 ¿esta noche que ahora estamos?
284 2082 753 2166 no, que era la pasada,
278 2145 843 2229 si fue eslaudo yo acostado,
282 2216 919 2342 ¿con que fué anoche Señores?
1013 177 1432 249 como iba relatando,
1011 228 1610 297 anoche, cuando me acuerdo
1013 284 1524 364 el corazón me da saltos,
1009 343 1438 416 ustedes perdonarán,
1013 395 1607 483 que se acabó ya el contarlo,
1015 466 1664 537 mas que me muera ó rebiente:
1013 523 1534 607 por vida de mis pecados,
1015 590 1497 663 que si no fuera porque
1019 640 1497 711 estarán ya rebentando
1015 697 1528 776 las Señoras por saberlo,
1015 761 1605 831 tanto hablara como un palo.
1017 816 1515 893 Voy á decirlo, Señoras:
1011 881 1438 952 como iba relatando,
1013 929 1595 1015 después de la media noche,
1011 994 1520 1069 serian las doce y cuarto,
1009 1055 1467 1128 asi poco mas ó menos
1011 1111 1505 1189 estaba muy descuidado,
1009 1165 1501 1258 tendido cuan largo soy,
1011 1237 1628 1308 con mucho gusto y descanso,
1013 1289 1610 1377 cuando siento: ¡qué agonía!
1011 1348 1691 1433 cuando siento: ¡qué hipografo/
1009 1408 1461 1494 ya los alientos vitales
1004 1469 1555 1540 se me acaban de porrazo,
1009 1528 1530 1607 y torpe el entendimiento
1007 1584 1471 1662 tira cozes y bocados:
1007 1651 1664 1729 ¡qué desgracia! ¡qué desdicha/
1009 1708 1645 1783 ¡qué tormento! ¡qué desmayo!
1007 1762 1528 1842 Digo pues, que me bulló
1007 1819 1503 1900 debajo de este costado;
1007 1875 1607 1959 de este mismo, mis Señores,
1009 1934 1626 2030 no se piensen que es engaño,
1013 2007 1582 2105 porque estaba yo presente,
1009 2078 1517 2160 y me atreveré á jurarlo:
1007 2143 1580 2237 sentí, pues, vuelvo á decir,
1007 2208 1499 2321 debajo de este contado,
