1737 2508
227 332 882 399 cuando la encontré en el monte,
236 367 731 443 y resolviendome á todo,
238 418 771 484 en el nombre de su Padre
240 470 808 535 la escribí de aqueste modo:
238 516 714 591 Hija Rosaura, permitan
236 564 752 635 hoy los cielos poderosos
234 608 819 687 el que estas letras te hallen
246 662 729 725 como deseo yo propio:
246 718 689 775 en casa para servirte,
248 758 760 829 quedamos todos gustosos:
252 808 746 873 te envio cuatro cintillos
248 861 716 921 muy ricos de fino oro,
240 904 725 976 y la cinta que me diste
252 948 817 1019 que te guardara yo propio:
257 1005 815 1067 bien te acordarás, Rosaura,
250 1042 842 1111 del guante que en el arroyo
263 1099 827 1168 perdiste, también te envio,
261 1151 783 1208 y todo lo lleva un mozo.
257 1195 760 1262 No dije mas, y con esto
263 1241 821 1306 cierro la carta y le pongo
269 1293 750 1352 la llave á mi cofrecillo.
263 1339 712 1404 Tomé la calle brioso,
267 1381 831 1452 llegué al postigo y tocando,
267 1433 769 1502 al instante bajó un mozo
263 1483 677 1557 y le dije, Caballero,
261 1527 758 1594 de parte de D. Antonio
273 1582 758 1649 de Carrero, que reside
269 1632 836 1699 en Córdoba, traigo un poco
261 1678 811 1740 recado aquí á una Señora,
265 1728 758 1793 y allá me dijeron como
273 1772 704 1839 asistia en esta casa.
269 1820 892 1893 Al punto respondio el mozo:
275 1866 827 1933 no se puede ver ni hablar.
282 1918 808 1983 Yo le dije importa poco,
271 1968 729 2029 no necesito de verla,
280 2021 796 2081 ni hablarla tampoco, solo
288 2060 817 2131 diga usted à esa Señora
284 2112 829 2171 que si mañana á las ocho
290 2152 911 2219 no ha escrito carta; no puedo
292 2204 861 2290 llevarla, que me es forzoso
1559 271 1590 315 7
959 294 1427 374 el irme en esta hora.
957 344 1517 424 Respondió: lo diré pronto:
957 403 1628 468 tomó el cofre y se entró dentro:
961 457 1458 520 yo me despedí gustoso,
967 503 1484 568 donde pasé aquella noche
957 549 1486 612 revolviendo promontorios
963 593 1504 660 de pensamientos, y el dia
969 649 1429 712 vino con rojos asomos.
967 687 1584 760 Llegué al postigo, y tocando,
969 741 1521 808 con pasos muy presurosos
976 792 1492 858 salió Rosaura, y con ella
967 833 1471 904 salen otros seis ú ocho.
974 888 1467 957 Helada quedó de verme,
976 932 1511 1003 salióle el color al rostro,
974 988 1392 1055 y me dijo caballero,
978 1034 1590 1103 ¿sois de Córdoba? y respondo:
980 1078 1404 1147 no Señora, pero soy
984 1124 1550 1197 de cerca de sus contornos,
978 1182 1456 1247 y asisto, para servirle,
982 1233 1442 1291 en el arroyo del Oso.
988 1274 1527 1343 Dijo Rosaura, ya he visto
986 1322 1394 1387 ese sitio montuoso.
992 1368 1513 1442 Digale usted á mi Padre
990 1421 1417 1490 que no sea perezoso
992 1465 1469 1534 en ejecutar lo escrito:
990 1521 1467 1588 y con disimulo áiroso
988 1569 1548 1628 me dió Rosaura un carta,
988 1615 1494 1684 que decia de éste modo:
994 1657 1663 1736 Aunque en nombre de mi Padre
999 1705 1599 1774 me escribes con tal rebozo,
997 1763 1557 1828 el guante y la cinta dicen
1001 1801 1592 1881 que eres mi querido esposo:
1003 1858 1609 1920 supuesto que me has buscado
1005 1899 1502 1968 tan atento y cuidadoso,
999 1952 1573 2021 has de saber, dulce dueño,
1005 2004 1429 2071 que mi tio cuidadoso
1007 2041 1559 2119 me ha tratado casamiento
1003 2102 1481 2165 con un caballero mozo
1007 2135 1596 2217 de aqui de Madrid: mas tú
1011 2184 1619 2269 solo eres mi querido esposo;
