1695 2473
934 68 965 129 2
975 115 1567 189 sin que á su amoroso fuego,
973 160 1560 234 llegase á emprender dichoso
973 212 1538 286 en la ocasión sus incendios.
969 263 1538 344 Una noche, en fin, dichosa,
971 319 1527 395 cuando el nocturno morféo
973 377 1453 445 á los sentidos susponde
971 428 1398 498 el ejercicio supremo,
969 490 1490 550 cuando todos los moríales
969 533 1511 603 rinden el tributo al sueño,
969 585 1451 661 y cuando el ave canora
967 636 1525 713 suspende la voz y el vuelo,
965 686 1513 766 y entre las hojas del árbol
962 741 1484 816 busca defensas al tiempo,
967 795 1476 871 salió Lucinda á una reja,
967 857 1391 923 y el adonis caballero
971 906 1552 980 allí la habló de sus amores,
962 954 1445 1028 la declaró sus intentos,
971 1009 1478 1077 la dió palabra de esposo,
969 1059 1466 1137 ella la aceptó en efecto,
971 1112 1404 1189 y le dijo; señor mió,
969 1170 1412 1238 estimando como debo
969 1232 1593 1300 el mucho amor que me tienes,
967 1283 1521 1345 cumplir la palabra ofrezco,
971 1331 1546 1395 usted me pida á mis padres.
971 1378 1494 1448 Don Cárlos dijo contento:
973 1432 1579 1504 luego al punto, sol hermoso,
977 1485 1521 1551 estoy pronto á obedeceros.
971 1535 1558 1613 Pidióla, en fin á sus padres,
965 1590 1513 1665 pero ellos no se la dieron,
969 1650 1581 1722 porque era don Cárlos pobre,
967 1706 1497 1774 y es este borron muy feo,
969 1747 1490 1827 porque no valen noblezas
971 1809 1513 1875 sino hay con ellas dinero;
971 1860 1408 1924 y porque no se casára
958 1912 1484 1974 la meten en un convento.
241 92 849 183 llamado don Juan de Lara,
241 175 800 234 que era rico en estrenuo,'
243 222 672 282 casado con doña Inés
243 269 729 335 de los Ríos y Acebedo,
239 323 783 393 señora de muchas prendas
241 375 812 449 de grande entendimiento,
243 430 682 498 Tenian estos señores
243 476 758 550 una hija, á quien ol cielo
241 533 686 603 la dotó de tal belleza,
237 587 812 663 que era su cara un lucero,
239 642 890 715 mas hermosa que el sol mismo;
237 698 866 774 que en su rostro amaneciendo
241 754 719 816 de la mañana la aurora
239 807 709 873 quila las luces á Febo;
241 851 760 921 á esta llamaban Lucinda,
241 915 839 983 que este nombre la pusieron
237 964 785 1030 porque como era tan linda
239 1009 808 1083 la viniese el nombre á pelo;
239 1067 814 1139 pues por su rara hermosura
241 1116 707 1193 de todos era embeleso,
241 1166 717 1238 el hechizo de Valencia;
239 1234 783 1294 y el alma de lodo el reino.
243 1281 795 1347 De esta hermosísima dama
241 1333 760 1395 se enamoró un caballero
237 1380 732 1452 que la odoraba rendido,
237 1432 696 1502 y la idolatraba tierno,
241 1496 843 1557 á quien llamaban don Cárlos
241 1535 775 1615 de Córdoba, cuyo aliento,
241 1595 719 1667 cuyos blasones y fama,
243 1654 783 1716 timbres á su fama dieron.
239 1698 682 1766 Para casarse con ella
243 1759 663 1821 solicitaba los medios
243 1803 800 1871 convenientes para hablarla
241 1867 723 1928 y tratar su casamiento.
243 1906 606 1982 Paseábala la calle
243 1966 723 2038 con músicas y festejos,
956 1959 1556 2040 Don Cárlos sabiendo el caso,
237 2025 678 2087 suspiros enamorados,
967 2015 1389 2085 enfadado del suceso,
243 2073 684 2139 amorosos galanteos.
971 2073 1424 2143 dispone robar la dama
245 2118 802 2213 Dos años gastó de amores,
967 2116 1480 2225 y sacarla del monasterio,
