<?xml version="1.0" encoding="UTF-8"  standalone="yes"?>
<PcGts xmlns="http://schema.primaresearch.org/PAGE/gts/pagecontent/2019-07-15" xmlns:xsi="http://www.w3.org/2001/XMLSchema-instance" xsi:schemaLocation="http://schema.primaresearch.org/PAGE/gts/pagecontent/2019-07-15 http://schema.primaresearch.org/PAGE/gts/pagecontent/2019-07-15/pagecontent.xsd">
  <Metadata>
	<Creator>escriptorium</Creator>
	<Created>2021-12-11T11:58:00.946359+00:00</Created>
        <LastChange>2021-12-11T11:58:00.946394+00:00</LastChange>

  </Metadata>
  <Page imageFilename="Moreno_023_7.jpg" imageWidth="1737" imageHeight="2508">

    
    <TextRegion id="r2"  custom="structure {type:NumberingZone:page;}">
      <Coords points="883,244 883,318 1048,325 1044,238"/>
      
      
      <TextLine id="line_1635343121325_66" >
        <Coords points="942,294 942,286 984,288 986,298 986,300 942,303"/>
        <Baseline points="944,296 987,299"/>
        <TextEquiv>
          <Unicode>7</Unicode>
        </TextEquiv>
      </TextLine>

      
    </TextRegion>
    
    <TextRegion id="r1"  custom="structure {type:MainZone;}">
      <Coords points="210,270 201,2365 941,2366 902,279"/>
      
      
      <TextLine id="r1l1" >
        <Coords points="263,334 263,305 821,307 823,338 821,357 261,357"/>
        <Baseline points="264,336 292,337 320,338 348,338 376,338 404,338 432,338 460,338 488,338 516,338 544,338 572,338 600,337 628,337 656,337 684,338 712,338 740,338 768,339 796,339 824,340"/>
        <TextEquiv>
          <Unicode>y dijo que era hijo vuestro,</Unicode>
        </TextEquiv>
      </TextLine>

      
      
      <TextLine id="r1l2" >
        <Coords points="261,382 259,342 426,334 428,334 733,349 735,388 731,405 257,401"/>
        <Baseline points="262,383 288,384 314,386 341,387 367,387 393,388 420,388 446,388 472,388 499,388 525,387 551,387 578,387 604,387 630,387 657,387 683,387 709,388 736,389"/>
        <TextEquiv>
          <Unicode>y en la dicha confianza,</Unicode>
        </TextEquiv>
      </TextLine>

      
      
      <TextLine id="r1l3" >
        <Coords points="257,430 257,392 788,392 788,436 785,449 255,449"/>
        <Baseline points="258,431 284,432 311,433 337,434 364,435 390,435 417,435 443,435 470,435 496,435 523,435 550,434 576,434 603,434 629,434 656,434 682,435 709,435 735,436 762,437 789,438"/>
        <TextEquiv>
          <Unicode>para su adorno y decencia</Unicode>
        </TextEquiv>
      </TextLine>

      
      
      <TextLine id="r1l4" >
        <Coords points="255,478 252,438 560,432 562,432 562,432 564,432 564,432 564,432 566,432 581,443 585,445 712,445 714,484 710,501 250,495"/>
        <Baseline points="257,480 282,480 308,481 333,482 359,482 384,482 410,482 435,482 461,482 486,482 512,482 537,482 563,482 588,482 614,483 639,483 665,484 690,485 716,486"/>
        <TextEquiv>
          <Unicode>le di monedas y galas, </Unicode>
        </TextEquiv>
      </TextLine>

      
      
      <TextLine id="r1l5" >
        <Coords points="259,528 259,478 875,489 875,532 871,547 255,543"/>
        <Baseline points="260,529 290,529 321,530 352,530 383,531 414,531 444,531 475,531 506,532 537,532 568,532 598,532 629,532 660,532 691,533 722,533 752,533 783,533 814,534 845,534 876,535"/>
        <TextEquiv>
          <Unicode>No siento, Señor, la hacienda:</Unicode>
        </TextEquiv>
      </TextLine>

      
      
      <TextLine id="r1l6" >
        <Coords points="255,576 255,535 775,539 777,581 773,595 250,589"/>
        <Baseline points="256,577 282,577 308,578 334,578 360,578 386,578 412,578 438,579 464,579 490,579 517,579 543,579 569,580 595,580 621,580 647,580 673,581 699,581 725,581 751,582 778,583"/>
        <TextEquiv>
          <Unicode>solo siento mi hija amada. </Unicode>
        </TextEquiv>
      </TextLine>

      
      
      <TextLine id="r1l7" >
        <Coords points="263,624 263,576 737,585 739,627 735,641 259,637"/>
        <Baseline points="264,625 289,626 314,627 339,627 364,627 389,627 414,627 440,628 465,628 490,628 515,628 540,628 565,628 591,628 616,628 641,628 666,628 691,628 716,629 742,629"/>
        <TextEquiv>
          <Unicode>El gran Felipe acordóse</Unicode>
        </TextEquiv>
      </TextLine>

      
      
      <TextLine id="r1l8" >
        <Coords points="257,672 255,635 756,629 760,677 756,693 252,681"/>
        <Baseline points="258,675 283,675 308,675 333,675 358,675 384,675 409,675 434,676 459,676 484,676 510,676 535,676 560,676 585,676 610,677 636,677 661,677 686,678 711,678 736,679 762,679"/>
        <TextEquiv>
          <Unicode>de aquella noche pasada,</Unicode>
        </TextEquiv>
      </TextLine>

      
      
      <TextLine id="r1l9" >
        <Coords points="257,721 257,675 754,677 756,723 752,737 252,731"/>
        <Baseline points="258,723 283,723 308,724 333,724 358,724 383,724 408,725 433,725 458,725 483,725 508,725 533,725 558,725 583,725 608,725 633,725 658,725 683,725 708,725 733,725 758,725"/>
        <TextEquiv>
          <Unicode>cuando al soldado le dió</Unicode>
        </TextEquiv>
      </TextLine>

      
      
      <TextLine id="r1l10" >
        <Coords points="263,769 263,723 698,735 700,773 696,787 259,781"/>
        <Baseline points="264,771 289,771 315,772 341,772 367,773 392,773 418,773 444,774 470,774 495,774 521,774 547,775 573,775 598,775 624,775 650,775 676,775 702,775"/>
        <TextEquiv>
          <Unicode>el anillo, y se separa</Unicode>
        </TextEquiv>
      </TextLine>

      
      
      <TextLine id="r1l11" >
        <Coords points="263,817 265,767 298,777 401,769 401,769 401,769 403,769 403,769 591,781 750,773 754,823 750,840 259,833"/>
        <Baseline points="264,818 289,819 315,820 341,821 367,821 393,822 419,822 444,822 470,822 496,822 522,822 548,822 574,822 599,822 625,822 651,823 677,823 703,823 729,824 755,824"/>
        <TextEquiv>
          <Unicode>diciéndole, que volviese</Unicode>
        </TextEquiv>
      </TextLine>

      
      
      <TextLine id="r1l12" >
        <Coords points="255,867 255,827 754,829 754,871 750,886 250,877"/>
        <Baseline points="256,869 281,869 306,870 331,870 356,870 381,870 406,871 431,871 456,871 481,871 506,871 531,871 556,871 581,871 606,872 631,872 656,872 681,872 706,872 731,872 756,873"/>
        <TextEquiv>
          <Unicode>al cabo de dos semanas. </Unicode>
        </TextEquiv>
      </TextLine>

      
      
      <TextLine id="r1l13" >
        <Coords points="250,915 250,865 783,869 785,919 781,932 246,927"/>
        <Baseline points="251,916 277,917 304,917 331,918 358,918 385,918 411,919 438,919 465,919 492,920 519,920 545,920 572,920 599,920 626,920 653,920 679,921 706,921 733,921 760,921 787,921"/>
        <TextEquiv>
          <Unicode>El gran rey mandó llamar</Unicode>
        </TextEquiv>
      </TextLine>

      
      
      <TextLine id="r1l14" >
        <Coords points="259,963 259,917 865,923 867,973 863,990 255,973"/>
        <Baseline points="261,965 291,965 321,966 352,967 382,967 412,968 443,968 473,968 503,968 534,968 564,968 594,968 625,968 655,968 685,968 716,969 746,969 776,970 807,971 837,972 868,974"/>
        <TextEquiv>
          <Unicode>á un capitan de sus guardias,</Unicode>
        </TextEquiv>
      </TextLine>

      
      
      <TextLine id="r1l15" >
        <Coords points="257,1011 255,973 317,963 317,963 319,963 319,963 319,963 361,971 372,973 374,971 386,963 388,963 388,963 388,963 390,963 390,963 392,963 392,963 392,963 395,963 395,963 395,963 397,963 407,971 415,978 595,978 643,969 660,967 660,967 660,967 662,967 662,967 679,969 739,980 794,969 798,1019 794,1040 252,1030"/>
        <Baseline points="258,1013 285,1014 312,1014 339,1014 366,1015 393,1015 420,1015 447,1016 474,1016 501,1016 529,1016 556,1017 583,1017 610,1017 637,1017 664,1018 691,1018 718,1018 745,1019 772,1020 800,1020"/>
        <TextEquiv>
          <Unicode>diciendo pasase á Illescas,</Unicode>
        </TextEquiv>
      </TextLine>

      
      
      <TextLine id="r1l16" >
        <Coords points="259,1061 259,1022 714,1024 716,1065 714,1078 257,1082"/>
        <Baseline points="260,1062 285,1063 311,1063 336,1064 362,1064 387,1065 413,1065 438,1065 464,1065 489,1065 515,1065 540,1065 566,1065 591,1065 617,1065 642,1066 668,1066 693,1066 719,1066"/>
        <TextEquiv>
          <Unicode>y diligencias se hagan</Unicode>
        </TextEquiv>
      </TextLine>

      
      
      <TextLine id="r1l17" >
        <Coords points="261,1109 261,1067 894,1076 896,1118 892,1134 257,1126"/>
        <Baseline points="262,1111 293,1112 325,1112 357,1112 389,1112 421,1113 452,1113 484,1113 516,1114 548,1114 580,1114 611,1115 643,1115 675,1116 707,1116 739,1117 770,1117 802,1118 834,1118 866,1119 898,1119"/>
        <TextEquiv>
          <Unicode>de un tal don Juan de la Tierra,</Unicode>
        </TextEquiv>
      </TextLine>

      
      
      <TextLine id="r1l18" >
        <Coords points="263,1157 263,1116 802,1124 804,1164 800,1180 259,1174"/>
        <Baseline points="264,1159 291,1160 318,1160 345,1161 372,1161 399,1161 426,1161 453,1162 480,1162 507,1162 535,1162 562,1163 589,1163 616,1163 643,1163 670,1164 697,1164 724,1165 751,1165 778,1166 806,1166"/>
        <TextEquiv>
          <Unicode>y que á palacio lo traigan. </Unicode>
        </TextEquiv>
      </TextLine>

      
      
      <TextLine id="r1l19" >
        <Coords points="259,1205 259,1159 777,1172 779,1212 775,1231 255,1220"/>
        <Baseline points="260,1207 286,1207 312,1208 338,1208 364,1208 390,1209 416,1209 442,1209 468,1209 494,1210 520,1210 546,1210 572,1211 598,1211 624,1212 650,1212 676,1212 702,1213 728,1213 754,1214 780,1214"/>
        <TextEquiv>
          <Unicode>Fué el capitan, y lo halló,</Unicode>
        </TextEquiv>
      </TextLine>

      
      
      <TextLine id="r1l20" >
        <Coords points="261,1254 261,1216 802,1220 802,1264 798,1276 257,1270"/>
        <Baseline points="262,1255 289,1255 316,1256 343,1256 370,1256 397,1257 424,1257 451,1257 478,1258 505,1258 533,1258 560,1259 587,1259 614,1259 641,1260 668,1260 695,1261 722,1262 749,1263 776,1263 804,1265"/>
        <TextEquiv>
          <Unicode>vino con su esposa amada. </Unicode>
        </TextEquiv>
      </TextLine>

      
      
      <TextLine id="r1l21" >
        <Coords points="257,1304 255,1258 827,1270 827,1310 823,1325 252,1320"/>
        <Baseline points="259,1305 287,1304 316,1304 344,1304 373,1304 401,1304 430,1304 458,1304 487,1305 515,1305 544,1306 572,1307 601,1307 629,1308 658,1308 686,1309 715,1309 743,1310 772,1310 800,1311 829,1311"/>
        <TextEquiv>
          <Unicode>Ante el rey los dos pusieron</Unicode>
        </TextEquiv>
      </TextLine>

      
      
      <TextLine id="r1l22" >
        <Coords points="257,1350 257,1304 798,1312 800,1358 796,1371 252,1362"/>
        <Baseline points="259,1352 286,1353 313,1353 340,1353 367,1354 394,1354 421,1354 448,1354 475,1355 502,1355 530,1355 557,1356 584,1356 611,1356 638,1357 665,1357 692,1358 719,1358 746,1359 773,1359 801,1360"/>
        <TextEquiv>
          <Unicode>á lo que dispone, y manda</Unicode>
        </TextEquiv>
      </TextLine>

      
      
      <TextLine id="r1l23" >
        <Coords points="252,1398 250,1362 401,1352 403,1352 403,1352 403,1352 405,1352 405,1352 432,1362 434,1364 719,1364 721,1404 716,1423 248,1417"/>
        <Baseline points="255,1399 281,1399 307,1400 333,1400 359,1401 385,1402 411,1402 437,1403 463,1403 489,1404 515,1404 541,1405 567,1405 593,1405 619,1405 645,1406 671,1406 697,1406 723,1406"/>
        <TextEquiv>
          <Unicode>que todos se retirasen;</Unicode>
        </TextEquiv>
      </TextLine>

      
      
      <TextLine id="r1l24" >
        <Coords points="263,1448 261,1406 514,1400 516,1400 752,1414 752,1456 748,1469 259,1460"/>
        <Baseline points="264,1449 289,1449 315,1450 341,1450 367,1450 392,1450 418,1451 444,1451 470,1451 496,1451 521,1452 547,1452 573,1453 599,1453 625,1454 650,1454 676,1455 702,1456 728,1457 754,1457"/>
        <TextEquiv>
          <Unicode>con el soldado quedaba. </Unicode>
        </TextEquiv>
      </TextLine>

      
      
      <TextLine id="r1l25" >
        <Coords points="255,1496 255,1446 681,1454 681,1504 677,1521 250,1513"/>
        <Baseline points="257,1498 282,1498 307,1497 332,1497 357,1497 382,1497 407,1498 432,1498 457,1499 482,1500 507,1500 532,1501 557,1502 582,1503 607,1503 632,1504 657,1505 682,1505"/>
        <TextEquiv>
          <Unicode>Juróle por su corona,</Unicode>
        </TextEquiv>
      </TextLine>

      
      
      <TextLine id="r1l26" >
        <Coords points="250,1546 248,1504 723,1502 725,1554 721,1571 246,1559"/>
        <Baseline points="252,1547 278,1547 304,1547 331,1546 357,1547 383,1547 410,1547 436,1547 462,1548 489,1548 515,1549 541,1549 568,1550 594,1551 620,1551 647,1552 673,1553 699,1554 726,1555"/>
        <TextEquiv>
          <Unicode>si la verdad no declara,</Unicode>
        </TextEquiv>
      </TextLine>

      
      
      <TextLine id="r1l27" >
        <Coords points="255,1594 255,1552 744,1559 744,1600 739,1619 403,1607 252,1615"/>
        <Baseline points="257,1596 282,1596 308,1595 334,1595 359,1595 385,1595 411,1595 436,1596 462,1596 488,1597 513,1597 539,1598 565,1598 590,1599 616,1600 642,1600 667,1601 693,1601 719,1601 745,1602"/>
        <TextEquiv>
          <Unicode>que tiene de castigarlo;</Unicode>
        </TextEquiv>
      </TextLine>

      
      
      <TextLine id="r1l28" >
        <Coords points="252,1642 250,1598 424,1592 426,1592 426,1592 428,1592 428,1592 428,1592 445,1600 447,1603 447,1600 457,1592 457,1592 459,1592 459,1592 459,1592 461,1592 461,1592 461,1592 464,1592 464,1592 464,1592 510,1603 522,1605 535,1603 572,1594 572,1594 572,1594 574,1594 574,1594 574,1594 576,1594 576,1594 579,1594 593,1605 597,1607 769,1607 775,1607 854,1596 854,1596 857,1596 857,1596 857,1596 859,1596 859,1596 861,1596 882,1609 879,1649 877,1663 275,1665 273,1665 273,1665 271,1665 271,1665 271,1665 246,1653"/>
        <Baseline points="255,1643 286,1643 317,1643 348,1643 380,1644 411,1644 442,1645 473,1646 505,1646 536,1647 567,1647 598,1648 630,1649 661,1649 692,1650 723,1650 755,1651 786,1651 817,1651 848,1651 880,1651"/>
        <TextEquiv>
          <Unicode>que quién le dió aquella alhaja</Unicode>
        </TextEquiv>
      </TextLine>

      
      
      <TextLine id="r1l29" >
        <Coords points="257,1690 257,1644 654,1646 656,1697 652,1709 252,1705"/>
        <Baseline points="258,1691 284,1692 311,1692 337,1693 364,1693 391,1693 417,1694 444,1694 470,1694 497,1694 524,1695 550,1695 577,1696 603,1696 630,1697 657,1698"/>
        <TextEquiv>
          <Unicode>de aquel anillo real? </Unicode>
        </TextEquiv>
      </TextLine>

      
      
      <TextLine id="r1l30" >
        <Coords points="255,1738 255,1690 466,1690 466,1690 466,1690 468,1690 468,1690 468,1690 470,1690 470,1692 484,1701 539,1692 558,1690 558,1690 560,1690 560,1690 562,1690 562,1690 570,1692 597,1703 683,1694 706,1692 706,1692 708,1692 708,1692 710,1692 710,1692 710,1692 712,1692 712,1692 712,1694 714,1694 714,1694 723,1705 821,1697 823,1749 819,1766 250,1755"/>
        <Baseline points="257,1740 285,1740 313,1740 342,1741 370,1741 398,1742 427,1742 455,1743 483,1743 512,1744 540,1744 568,1745 597,1745 625,1746 653,1747 682,1747 710,1748 738,1749 767,1749 795,1750 824,1750"/>
        <TextEquiv>
          <Unicode>A lo que don Juan le habla,</Unicode>
        </TextEquiv>
      </TextLine>

      
      
      <TextLine id="r1l31" >
        <Coords points="255,1786 255,1743 679,1755 681,1795 677,1814 250,1799"/>
        <Baseline points="256,1787 281,1788 306,1788 331,1788 356,1789 381,1789 406,1789 431,1790 456,1790 481,1791 506,1791 531,1791 556,1792 581,1793 606,1794 631,1794 656,1795 682,1797"/>
        <TextEquiv>
          <Unicode>diciéndole: paseando</Unicode>
        </TextEquiv>
      </TextLine>

      
      
      <TextLine id="r1l32" >
        <Coords points="255,1835 252,1795 656,1793 658,1793 758,1805 758,1845 754,1855 250,1849"/>
        <Baseline points="256,1837 281,1838 306,1838 331,1838 356,1838 381,1838 406,1838 432,1839 457,1839 482,1839 507,1839 532,1840 557,1840 582,1841 608,1841 633,1842 658,1842 683,1843 708,1844 733,1845 759,1846"/>
        <TextEquiv>
          <Unicode>una cierta noche anbaba</Unicode>
        </TextEquiv>
      </TextLine>

      
      
      <TextLine id="r1l33" >
        <Coords points="250,1883 250,1841 725,1841 725,1891 721,1903 246,1901"/>
        <Baseline points="251,1884 276,1885 301,1885 326,1885 351,1886 376,1886 401,1887 426,1887 451,1887 476,1888 501,1888 526,1888 551,1889 576,1889 601,1890 626,1890 651,1891 676,1891 701,1892 727,1892"/>
        <TextEquiv>
          <Unicode>por la Córte cuando oí</Unicode>
        </TextEquiv>
      </TextLine>

      
      
      <TextLine id="r1l34" >
        <Coords points="252,1931 252,1891 689,1893 691,1941 687,1952 248,1947"/>
        <Baseline points="255,1932 280,1933 306,1934 332,1934 358,1935 383,1935 409,1935 435,1935 461,1936 486,1936 512,1936 538,1936 564,1937 589,1938 615,1938 641,1939 667,1941 693,1942"/>
        <TextEquiv>
          <Unicode>una voz muy delicada</Unicode>
        </TextEquiv>
      </TextLine>

      
      
      <TextLine id="r1l35" >
        <Coords points="255,1979 255,1933 378,1943 395,1937 409,1933 409,1933 411,1933 411,1933 413,1933 413,1933 413,1933 415,1933 415,1933 415,1933 428,1939 441,1945 487,1941 545,1937 545,1937 547,1937 547,1937 549,1937 549,1937 549,1937 551,1937 551,1937 562,1945 564,1947 576,1945 622,1937 622,1937 622,1937 624,1937 624,1937 627,1937 627,1937 627,1937 650,1949 652,1949 654,1949 693,1939 696,1939 696,1939 698,1939 698,1939 698,1939 700,1939 700,1939 700,1939 702,1939 721,1952 716,1989 712,2008 250,1995"/>
        <Baseline points="256,1981 281,1982 307,1982 332,1983 358,1983 384,1983 409,1984 435,1984 460,1985 486,1985 512,1985 537,1986 563,1986 588,1987 614,1987 640,1988 665,1989 691,1990 717,1990"/>
        <TextEquiv>
          <Unicode>de una dama que decia</Unicode>
        </TextEquiv>
      </TextLine>

      
      
      <TextLine id="r1l36" >
        <Coords points="248,2029 248,1991 361,1991 361,1991 378,1981 380,1981 380,1981 380,1981 382,1981 382,1981 382,1981 384,1981 384,1981 386,1981 386,1981 386,1981 388,1981 388,1981 403,1993 405,1993 411,1993 501,1983 501,1983 503,1983 503,1983 505,1983 505,1983 505,1983 528,1995 530,1995 537,1995 599,1985 599,1985 601,1985 601,1985 601,1985 604,1985 604,1985 604,1985 624,1995 752,1987 754,1987 754,1987 754,1987 756,1987 756,1987 783,2000 781,2037 777,2052 244,2044"/>
        <Baseline points="249,2031 275,2031 302,2031 328,2031 355,2032 382,2032 408,2032 435,2033 462,2033 488,2034 515,2034 542,2035 568,2035 595,2036 622,2036 648,2037 675,2037 702,2038 728,2038 755,2039 782,2039"/>
        <TextEquiv>
          <Unicode>huya, huya; que lo matan. </Unicode>
        </TextEquiv>
      </TextLine>

      
      
      <TextLine id="r1l37" >
        <Coords points="255,2075 255,2029 714,2046 716,2085 712,2102 250,2090"/>
        <Baseline points="256,2077 281,2078 307,2078 333,2079 358,2080 384,2080 410,2081 435,2081 461,2081 487,2082 512,2082 538,2083 564,2083 589,2084 615,2084 641,2085 666,2085 692,2086 718,2087"/>
        <TextEquiv>
          <Unicode>Vide á cierto caballero</Unicode>
        </TextEquiv>
      </TextLine>

      
      
      <TextLine id="r1l38" >
        <Coords points="246,2125 246,2077 888,2096 888,2135 884,2158 242,2142"/>
        <Baseline points="248,2127 280,2127 312,2128 344,2128 376,2128 408,2129 440,2129 472,2130 504,2131 536,2132 569,2132 601,2133 633,2134 665,2134 697,2135 729,2136 761,2136 793,2136 825,2137 857,2137 890,2137"/>
        <TextEquiv>
          <Unicode>hecho un Marte en la campaña,</Unicode>
        </TextEquiv>
      </TextLine>

      
      
      <TextLine id="r1l39" >
        <Coords points="250,2175 250,2135 742,2135 744,2181 739,2200 246,2192"/>
        <Baseline points="251,2177 277,2177 303,2177 329,2177 355,2177 381,2177 407,2178 433,2178 459,2179 485,2179 511,2180 537,2181 563,2181 589,2182 615,2182 641,2183 667,2183 693,2183 719,2184 746,2183"/>
        <TextEquiv>
          <Unicode>que de ocho se defendía</Unicode>
        </TextEquiv>
      </TextLine>

      
      
      <TextLine id="r1l40" >
        <Coords points="255,2223 255,2181 754,2192 754,2234 750,2250 250,2236"/>
        <Baseline points="256,2224 281,2225 306,2225 331,2226 356,2226 381,2226 406,2227 431,2227 456,2228 481,2228 506,2229 531,2229 556,2230 581,2230 606,2231 631,2231 656,2232 681,2233 706,2233 731,2234 756,2235"/>
        <TextEquiv>
          <Unicode>con española arrogaucia. </Unicode>
        </TextEquiv>
      </TextLine>

      
      
      <TextLine id="r1l41" >
        <Coords points="252,2273 252,2225 666,2236 668,2280 664,2296 248,2290"/>
        <Baseline points="254,2274 280,2274 306,2274 332,2275 358,2275 384,2275 410,2276 436,2276 462,2277 488,2277 514,2278 540,2278 566,2279 592,2279 618,2280 644,2280 670,2281"/>
        <TextEquiv>
          <Unicode>A su lado me planté,</Unicode>
        </TextEquiv>
      </TextLine>

      
      
      <TextLine id="r1l42" >
        <Coords points="250,2321 250,2273 698,2286 710,2276 710,2276 712,2276 712,2276 712,2276 714,2276 714,2276 716,2276 811,2276 811,2332 808,2359 714,2365 712,2365 712,2365 712,2365 710,2365 710,2365 710,2365 708,2365 696,2355 681,2344 581,2344 551,2351 495,2361 495,2361 493,2361 361,2359 361,2359 361,2359 359,2359 359,2359 359,2359 357,2359 357,2359 336,2342 332,2340 326,2340 267,2351 267,2351 265,2351 265,2351 265,2351 263,2351 263,2351 263,2351 261,2351 242,2338"/>
        <Baseline points="251,2322 279,2323 307,2324 335,2324 363,2325 391,2325 419,2326 447,2326 475,2327 503,2327 531,2328 559,2328 587,2329 615,2329 643,2330 671,2330 699,2331 727,2331 755,2332 783,2333 812,2333"/>
        <TextEquiv>
          <Unicode>arranqué, señor, la espada,</Unicode>
        </TextEquiv>
      </TextLine>

      
    </TextRegion>
    
    <TextRegion id="r3"  custom="structure {type:MainZone;}">
      <Coords points="941,278 924,2377 1615,2398 1615,290"/>
      
      
      <TextLine id="r3l1" >
        <Coords points="992,338 994,309 1530,309 1530,351 1525,367 988,355"/>
        <Baseline points="994,339 1020,339 1047,340 1074,341 1101,341 1128,341 1155,342 1182,342 1209,342 1236,343 1263,343 1289,343 1316,344 1343,344 1370,345 1397,346 1424,346 1451,348 1478,349 1505,351 1532,352"/>
        <TextEquiv>
          <Unicode>quitándole algunas puntas, </Unicode>
        </TextEquiv>
      </TextLine>

      
      
      <TextLine id="r3l2" >
        <Coords points="984,386 984,346 1502,351 1502,397 1498,413 980,397"/>
        <Baseline points="986,387 1011,388 1037,389 1063,390 1089,391 1115,391 1141,391 1166,392 1192,392 1218,392 1244,392 1270,392 1296,392 1322,393 1347,393 1373,393 1399,394 1425,394 1451,395 1477,396 1503,398"/>
        <TextEquiv>
          <Unicode>porque grandes estocadas</Unicode>
        </TextEquiv>
      </TextLine>

      
      
      <TextLine id="r3l3" >
        <Coords points="990,436 990,390 1461,403 1463,443 1458,459 986,449"/>
        <Baseline points="992,437 1018,437 1044,438 1070,438 1097,438 1123,439 1149,439 1175,439 1202,439 1228,440 1254,440 1281,440 1307,441 1333,441 1359,441 1386,442 1412,443 1438,443 1465,444"/>
        <TextEquiv>
          <Unicode>le tiraban los traidores:</Unicode>
        </TextEquiv>
      </TextLine>

      
      
      <TextLine id="r3l4" >
        <Coords points="982,484 982,445 1486,445 1486,493 1481,507 978,499"/>
        <Baseline points="984,486 1009,486 1034,486 1059,486 1084,487 1110,487 1135,487 1160,487 1185,487 1210,487 1236,488 1261,488 1286,488 1311,489 1336,489 1362,490 1387,491 1412,492 1437,493 1462,494 1488,495"/>
        <TextEquiv>
          <Unicode>mas fue mi fortuna tanta,</Unicode>
        </TextEquiv>
      </TextLine>

      
      
      <TextLine id="r3l5" >
        <Coords points="990,532 990,491 1475,491 1477,541 1473,560 986,553"/>
        <Baseline points="991,534 1016,535 1042,535 1068,536 1093,536 1119,536 1145,536 1170,537 1196,537 1222,537 1247,537 1273,537 1299,537 1324,538 1350,538 1376,539 1401,539 1427,540 1453,541 1479,542"/>
        <TextEquiv>
          <Unicode>que al caballero ni á mí</Unicode>
        </TextEquiv>
      </TextLine>

      
      
      <TextLine id="r3l6" >
        <Coords points="990,581 990,539 1433,547 1436,587 1431,604 986,597"/>
        <Baseline points="992,583 1018,583 1044,584 1070,584 1096,584 1123,584 1149,585 1175,585 1201,585 1228,586 1254,586 1280,586 1306,587 1333,587 1359,588 1385,588 1411,589 1438,589"/>
        <TextEquiv>
          <Unicode>se nos agravíase nada;</Unicode>
        </TextEquiv>
      </TextLine>

      
      
      <TextLine id="r3l7" >
        <Coords points="990,627 990,591 1394,593 1396,637 1392,654 986,647"/>
        <Baseline points="991,628 1016,630 1041,631 1067,632 1092,633 1118,634 1143,634 1169,634 1194,634 1219,634 1245,635 1270,635 1296,635 1321,636 1347,636 1372,637 1398,639"/>
        <TextEquiv>
          <Unicode>y agradecido, señor,</Unicode>
        </TextEquiv>
      </TextLine>

      
      
      <TextLine id="r3l8" >
        <Coords points="988,679 986,639 1126,631 1128,631 1379,645 1381,685 1379,698 986,698"/>
        <Baseline points="989,680 1015,681 1041,681 1067,681 1093,681 1120,682 1146,682 1172,682 1198,682 1224,682 1251,682 1277,683 1303,684 1329,684 1355,685 1382,686"/>
        <TextEquiv>
          <Unicode>el referido me daba</Unicode>
        </TextEquiv>
      </TextLine>

      
      
      <TextLine id="r3l9" >
        <Coords points="988,727 988,681 1452,693 1454,733 1450,746 984,744"/>
        <Baseline points="989,728 1014,729 1040,729 1066,729 1092,729 1118,730 1144,730 1170,730 1196,730 1222,731 1247,731 1273,731 1299,731 1325,732 1351,732 1377,732 1403,733 1429,733 1455,734"/>
        <TextEquiv>
          <Unicode>unos doblones y dióme</Unicode>
        </TextEquiv>
      </TextLine>

      
      
      <TextLine id="r3l10" >
        <Coords points="988,777 986,737 1458,735 1463,783 1458,794 984,792"/>
        <Baseline points="989,778 1014,778 1039,777 1064,777 1089,777 1114,777 1139,778 1164,778 1189,778 1214,779 1239,779 1264,780 1289,780 1314,781 1339,781 1364,782 1389,782 1414,783 1439,783 1465,784"/>
        <TextEquiv>
          <Unicode>ese anillo que se enlaza</Unicode>
        </TextEquiv>
      </TextLine>

      
      
      <TextLine id="r3l11" >
        <Coords points="992,823 992,785 1404,785 1406,831 1402,846 988,838"/>
        <Baseline points="994,825 1019,825 1045,826 1071,826 1097,827 1123,827 1148,827 1174,827 1200,828 1226,828 1252,828 1277,828 1303,829 1329,829 1355,830 1381,830 1407,832"/>
        <TextEquiv>
          <Unicode>en vestra mano real. </Unicode>
        </TextEquiv>
      </TextLine>

      
      
      <TextLine id="r3l12" >
        <Coords points="982,873 982,825 1452,840 1452,877 1448,896 978,886"/>
        <Baseline points="984,875 1010,875 1036,875 1062,875 1088,875 1114,875 1140,875 1166,875 1192,876 1218,876 1244,877 1270,877 1296,878 1322,878 1348,878 1374,879 1400,879 1426,879 1453,879"/>
        <TextEquiv>
          <Unicode>Me dijo á palacio vaya,</Unicode>
        </TextEquiv>
      </TextLine>

      
      
      <TextLine id="r3l13" >
        <Coords points="992,921 992,873 1507,888 1509,930 1504,948 1362,938 1287,946 1277,946 1277,946 1275,946 1275,946 1272,946 1272,946 1272,946 1270,946 1252,936 990,940"/>
        <Baseline points="994,923 1019,924 1045,924 1071,925 1097,925 1123,925 1148,925 1174,925 1200,925 1226,925 1252,925 1277,925 1303,925 1329,926 1355,926 1381,927 1406,927 1432,928 1458,929 1484,930 1510,931"/>
        <TextEquiv>
          <Unicode>que él era el mayordomo,</Unicode>
        </TextEquiv>
      </TextLine>

      
      
      <TextLine id="r3l14" >
        <Coords points="988,967 986,932 1068,919 1068,919 1070,919 1070,919 1070,919 1072,919 1072,919 1072,919 1093,930 1097,932 1408,930 1410,976 1408,990 986,990"/>
        <Baseline points="989,968 1015,970 1041,971 1068,972 1094,973 1121,973 1147,974 1174,974 1200,974 1226,974 1253,974 1279,975 1306,975 1332,975 1359,976 1385,976 1412,977"/>
        <TextEquiv>
          <Unicode>y mire no haya falta. </Unicode>
        </TextEquiv>
      </TextLine>

      
      
      <TextLine id="r3l15" >
        <Coords points="990,1017 990,976 1469,984 1471,1024 1467,1038 986,1034"/>
        <Baseline points="992,1019 1017,1020 1042,1020 1067,1021 1093,1021 1118,1021 1143,1022 1168,1022 1194,1022 1219,1022 1244,1022 1269,1023 1295,1023 1320,1023 1345,1024 1370,1024 1396,1024 1421,1025 1446,1025 1472,1026"/>
        <TextEquiv>
          <Unicode>Nunca me acordé de ir;</Unicode>
        </TextEquiv>
      </TextLine>

      
      
      <TextLine id="r3l16" >
        <Coords points="980,1065 978,1028 1114,1017 1116,1017 1116,1017 1116,1017 1118,1017 1118,1017 1118,1017 1120,1017 1120,1017 1120,1019 1130,1028 1249,1019 1252,1019 1252,1019 1252,1019 1254,1019 1254,1019 1254,1019 1256,1019 1256,1019 1256,1022 1266,1030 1266,1030 1268,1030 1327,1022 1327,1022 1329,1022 1517,1034 1519,1074 1515,1090 976,1082"/>
        <Baseline points="982,1066 1008,1067 1035,1068 1062,1069 1089,1070 1116,1070 1143,1071 1170,1071 1197,1072 1224,1072 1251,1072 1277,1073 1304,1073 1331,1073 1358,1073 1385,1073 1412,1074 1439,1074 1466,1074 1493,1075 1520,1075"/>
        <TextEquiv>
          <Unicode>seguí á Nápoles la marcha,</Unicode>
        </TextEquiv>
      </TextLine>

      
      
      <TextLine id="r3l17" >
        <Coords points="982,1116 982,1076 1479,1082 1481,1122 1477,1139 978,1132"/>
        <Baseline points="984,1117 1010,1118 1036,1118 1062,1119 1088,1119 1115,1119 1141,1119 1167,1119 1193,1120 1219,1120 1246,1120 1272,1120 1298,1120 1324,1120 1350,1121 1377,1121 1403,1122 1429,1122 1455,1123 1482,1124"/>
        <TextEquiv>
          <Unicode>señor en mi regimiento,</Unicode>
        </TextEquiv>
      </TextLine>

      
      
      <TextLine id="r3l18" >
        <Coords points="990,1164 990,1116 1592,1128 1594,1172 1590,1189 986,1178"/>
        <Baseline points="992,1165 1022,1166 1052,1166 1082,1167 1112,1167 1142,1168 1172,1168 1203,1168 1233,1168 1263,1168 1293,1168 1323,1169 1353,1169 1383,1169 1414,1169 1444,1170 1474,1170 1504,1171 1534,1172 1564,1173 1595,1174"/>
        <TextEquiv>
          <Unicode>donde he hallado dicha tanta,</Unicode>
        </TextEquiv>
      </TextLine>

      
      
      <TextLine id="r3l19" >
        <Coords points="990,1212 990,1164 1095,1174 1260,1166 1260,1166 1262,1166 1262,1166 1262,1166 1262,1166 1264,1166 1300,1176 1521,1168 1525,1216 1523,1226 988,1228"/>
        <Baseline points="991,1214 1017,1214 1044,1215 1071,1215 1098,1215 1125,1216 1151,1216 1178,1216 1205,1216 1232,1216 1259,1217 1285,1217 1312,1217 1339,1217 1366,1217 1393,1217 1419,1217 1446,1218 1473,1218 1500,1218 1527,1218"/>
        <TextEquiv>
          <Unicode>que con decir yo que era</Unicode>
        </TextEquiv>
      </TextLine>

      
      
      <TextLine id="r3l21" >
        <Coords points="980,1260 980,1212 1559,1218 1559,1266 1555,1287 976,1281"/>
        <Baseline points="982,1262 1012,1262 1042,1263 1073,1263 1103,1263 1134,1263 1164,1264 1195,1264 1225,1264 1256,1264 1286,1265 1317,1265 1347,1265 1378,1266 1408,1266 1439,1267 1469,1267 1500,1267 1530,1268 1561,1268"/>
        <TextEquiv>
          <Unicode>hijo vuestro (heróica hazaña)</Unicode>
        </TextEquiv>
      </TextLine>

      
      
      <TextLine id="r3l22" >
        <Coords points="986,1312 986,1266 1548,1270 1550,1314 1548,1329 984,1331"/>
        <Baseline points="988,1313 1016,1313 1044,1313 1072,1313 1100,1313 1128,1313 1156,1313 1185,1313 1213,1313 1241,1313 1269,1314 1297,1314 1325,1314 1353,1314 1382,1314 1410,1315 1438,1315 1466,1315 1494,1315 1522,1315 1551,1315"/>
        <TextEquiv>
          <Unicode>y que tambien dí la muerte</Unicode>
        </TextEquiv>
      </TextLine>

      
      
      <TextLine id="r3l23" >
        <Coords points="986,1358 984,1318 1141,1308 1143,1308 1143,1308 1143,1308 1145,1308 1178,1320 1183,1320 1195,1320 1283,1310 1283,1310 1285,1310 1285,1310 1287,1310 1287,1310 1287,1310 1289,1310 1289,1310 1302,1320 1302,1320 1310,1320 1525,1312 1527,1312 1527,1312 1530,1312 1576,1325 1573,1364 1569,1381 982,1375"/>
        <Baseline points="988,1359 1017,1359 1046,1359 1075,1360 1105,1360 1134,1360 1163,1360 1193,1360 1222,1361 1251,1361 1281,1361 1310,1361 1339,1361 1368,1362 1398,1362 1427,1363 1456,1363 1486,1364 1515,1365 1544,1365 1574,1366"/>
        <TextEquiv>
          <Unicode>á un hijo del Duque de Alba,</Unicode>
        </TextEquiv>
      </TextLine>

      
      
      <TextLine id="r3l24" >
        <Coords points="986,1406 986,1366 1525,1373 1527,1412 1523,1431 982,1419"/>
        <Baseline points="988,1407 1015,1408 1042,1409 1069,1409 1096,1409 1123,1409 1150,1410 1177,1410 1204,1410 1231,1410 1258,1410 1285,1410 1312,1410 1339,1411 1366,1411 1393,1411 1420,1412 1447,1412 1474,1413 1501,1413 1528,1414"/>
        <TextEquiv>
          <Unicode>engañando á un mercader,</Unicode>
        </TextEquiv>
      </TextLine>

      
      
      <TextLine id="r3l25" >
        <Coords points="982,1454 982,1414 1433,1421 1436,1460 1431,1475 978,1467"/>
        <Baseline points="984,1455 1009,1456 1034,1457 1059,1457 1084,1458 1110,1458 1135,1458 1160,1458 1185,1459 1211,1459 1236,1459 1261,1459 1286,1459 1311,1459 1337,1459 1362,1460 1387,1460 1412,1460 1438,1461"/>
        <TextEquiv>
          <Unicode>saquéle su hija amada. </Unicode>
        </TextEquiv>
      </TextLine>

      
      
      <TextLine id="r3l26" >
        <Coords points="984,1502 986,1452 1032,1465 1479,1463 1484,1508 1479,1523 980,1515"/>
        <Baseline points="986,1503 1011,1504 1036,1506 1061,1506 1086,1506 1111,1507 1136,1507 1161,1507 1186,1507 1211,1507 1236,1507 1261,1507 1286,1507 1311,1508 1336,1508 1361,1508 1386,1508 1411,1509 1436,1510 1461,1510 1486,1511"/>
        <TextEquiv>
          <Unicode>Paséme á España, señor,</Unicode>
        </TextEquiv>
      </TextLine>

      
      
      <TextLine id="r3l27" >
        <Coords points="986,1552 986,1502 1530,1508 1530,1559 1525,1575 982,1567"/>
        <Baseline points="988,1553 1015,1554 1042,1555 1069,1555 1096,1555 1124,1556 1151,1556 1178,1556 1205,1556 1232,1556 1260,1556 1287,1556 1314,1556 1341,1556 1368,1557 1396,1557 1423,1557 1450,1558 1477,1558 1504,1559 1532,1560"/>
        <TextEquiv>
          <Unicode>con hacienda muy sobrada,</Unicode>
        </TextEquiv>
      </TextLine>

      
      
      <TextLine id="r3l28" >
        <Coords points="980,1600 978,1561 1431,1559 1436,1603 1433,1617 978,1617"/>
        <Baseline points="982,1601 1007,1601 1032,1602 1058,1602 1083,1603 1108,1603 1134,1603 1159,1604 1184,1604 1210,1604 1235,1604 1260,1604 1286,1604 1311,1605 1336,1605 1362,1605 1387,1605 1412,1605 1438,1605"/>
        <TextEquiv>
          <Unicode>recibí del matrimonio</Unicode>
        </TextEquiv>
      </TextLine>

      
      
      <TextLine id="r3l29" >
        <Coords points="986,1646 986,1598 1471,1605 1471,1655 1467,1667 982,1663"/>
        <Baseline points="988,1649 1013,1650 1039,1650 1064,1651 1090,1651 1115,1651 1141,1652 1166,1652 1192,1653 1217,1653 1243,1653 1268,1654 1294,1654 1319,1654 1345,1654 1370,1655 1396,1655 1421,1655 1447,1656 1473,1656"/>
        <TextEquiv>
          <Unicode>las ceremonias sagradas. </Unicode>
        </TextEquiv>
      </TextLine>

      
      
      <TextLine id="r3l30" >
        <Coords points="982,1697 982,1649 1444,1663 1444,1703 1440,1717 978,1713"/>
        <Baseline points="984,1699 1009,1699 1035,1699 1061,1699 1086,1700 1112,1700 1138,1700 1163,1701 1189,1701 1215,1702 1240,1702 1266,1703 1292,1703 1317,1703 1343,1704 1369,1704 1394,1704 1420,1704 1446,1704"/>
        <TextEquiv>
          <Unicode>Aquí teneis mi cabeza,</Unicode>
        </TextEquiv>
      </TextLine>

      
      
      <TextLine id="r3l31" >
        <Coords points="982,1747 982,1705 1427,1711 1429,1751 1425,1768 978,1763"/>
        <Baseline points="983,1749 1009,1749 1035,1748 1061,1748 1088,1748 1114,1749 1140,1749 1167,1749 1193,1749 1219,1750 1245,1750 1272,1751 1298,1751 1324,1752 1351,1752 1377,1752 1403,1753 1430,1753"/>
        <TextEquiv>
          <Unicode>y la verdad declarada.</Unicode>
        </TextEquiv>
      </TextLine>

      
      
      <TextLine id="r3l32" >
        <Coords points="974,1795 974,1743 1024,1753 1091,1747 1114,1745 1114,1745 1116,1745 1116,1745 1118,1745 1118,1745 1128,1749 1149,1757 1337,1757 1337,1799 1335,1812 971,1812"/>
        <Baseline points="976,1797 1001,1797 1027,1797 1053,1797 1079,1797 1105,1797 1131,1797 1157,1797 1183,1798 1209,1798 1235,1798 1261,1798 1287,1798 1313,1799 1339,1800"/>
        <TextEquiv>
          <Unicode>Maravillado quedó</Unicode>
        </TextEquiv>
      </TextLine>

      
      
      <TextLine id="r3l33" >
        <Coords points="976,1843 974,1805 1465,1801 1467,1849 1463,1866 971,1855"/>
        <Baseline points="977,1844 1002,1844 1028,1845 1054,1845 1080,1846 1106,1846 1132,1846 1158,1847 1184,1847 1210,1847 1235,1848 1261,1848 1287,1848 1313,1848 1339,1849 1365,1849 1391,1849 1417,1850 1443,1850 1469,1851"/>
        <TextEquiv>
          <Unicode>el rey viendo la sumaria</Unicode>
        </TextEquiv>
      </TextLine>

      
      
      <TextLine id="r3l34" >
        <Coords points="982,1891 982,1845 1429,1849 1431,1899 1427,1916 978,1908"/>
        <Baseline points="983,1893 1009,1893 1035,1894 1062,1894 1088,1894 1115,1895 1141,1895 1167,1895 1194,1895 1220,1895 1247,1895 1273,1896 1299,1896 1326,1897 1352,1897 1379,1898 1405,1899 1432,1900"/>
        <TextEquiv>
          <Unicode>del término de su vida,</Unicode>
        </TextEquiv>
      </TextLine>

      
      
      <TextLine id="r3l35" >
        <Coords points="984,1941 984,1895 1525,1906 1525,1949 1521,1960 980,1958"/>
        <Baseline points="985,1942 1012,1942 1039,1943 1066,1943 1093,1943 1120,1943 1147,1943 1174,1944 1201,1944 1228,1944 1255,1944 1282,1944 1309,1945 1336,1945 1363,1946 1390,1946 1417,1947 1444,1948 1471,1948 1498,1949 1526,1950"/>
        <TextEquiv>
          <Unicode>y al mayordomo le manda</Unicode>
        </TextEquiv>
      </TextLine>

      
      
      <TextLine id="r3l36" >
        <Coords points="980,1987 980,1947 1546,1956 1548,1998 1544,2016 976,2006"/>
        <Baseline points="981,1989 1009,1989 1037,1990 1066,1991 1094,1992 1123,1992 1151,1993 1180,1993 1208,1993 1237,1993 1265,1994 1293,1994 1322,1994 1350,1994 1379,1995 1407,1995 1436,1996 1464,1997 1493,1997 1521,1998 1550,1999"/>
        <TextEquiv>
          <Unicode>que lo mantenga en palacio,</Unicode>
        </TextEquiv>
      </TextLine>

      
      
      <TextLine id="r3l37" >
        <Coords points="976,2037 978,1987 1001,1998 1091,1989 1112,1989 1114,1989 1114,1989 1114,1989 1116,1989 1116,1989 1120,1991 1141,2002 1456,2002 1458,2044 1454,2058 971,2052"/>
        <Baseline points="978,2039 1003,2039 1028,2039 1054,2040 1079,2040 1105,2040 1130,2040 1155,2040 1181,2041 1206,2041 1232,2041 1257,2042 1283,2042 1308,2043 1333,2043 1359,2044 1384,2044 1410,2045 1435,2045 1461,2046"/>
        <TextEquiv>
          <Unicode>Así estuvo dos semanas</Unicode>
        </TextEquiv>
      </TextLine>

      
      
      <TextLine id="r3l38" >
        <Coords points="974,2087 974,2039 1452,2050 1454,2092 1450,2104 969,2102"/>
        <Baseline points="976,2089 1001,2089 1026,2088 1051,2088 1077,2088 1102,2088 1127,2089 1152,2089 1178,2089 1203,2090 1228,2090 1253,2091 1279,2091 1304,2092 1329,2092 1354,2093 1380,2093 1405,2093 1430,2093 1456,2093"/>
        <TextEquiv>
          <Unicode>hasta que el napolitano</Unicode>
        </TextEquiv>
      </TextLine>

      
      
      <TextLine id="r3l39" >
        <Coords points="976,2135 976,2087 1469,2102 1469,2142 1465,2156 971,2150"/>
        <Baseline points="978,2137 1003,2137 1029,2138 1055,2138 1081,2138 1107,2138 1133,2138 1159,2138 1185,2138 1211,2138 1237,2139 1263,2139 1289,2139 1315,2139 1341,2140 1367,2141 1393,2141 1419,2142 1445,2143 1471,2144"/>
        <TextEquiv>
          <Unicode>la vuelta á palacio daba. </Unicode>
        </TextEquiv>
      </TextLine>

      
      
      <TextLine id="r3l40" >
        <Coords points="969,2184 969,2133 1191,2144 1352,2135 1360,2135 1362,2135 1362,2135 1362,2135 1364,2135 1364,2135 1364,2135 1394,2146 1576,2138 1578,2190 1573,2204 965,2198"/>
        <Baseline points="971,2186 1001,2185 1031,2185 1062,2185 1092,2185 1123,2185 1153,2185 1183,2186 1214,2186 1244,2187 1275,2188 1305,2188 1335,2189 1366,2190 1396,2190 1427,2191 1457,2191 1487,2192 1518,2192 1548,2192 1579,2192"/>
        <TextEquiv>
          <Unicode>El rey le mandó que aguarde</Unicode>
        </TextEquiv>
      </TextLine>

      
      
      <TextLine id="r3l41" >
        <Coords points="982,2234 984,2184 999,2194 1187,2190 1323,2188 1325,2188 1498,2200 1500,2240 1496,2257 978,2248"/>
        <Baseline points="984,2235 1009,2234 1035,2234 1061,2234 1087,2234 1113,2234 1139,2234 1164,2234 1190,2234 1216,2235 1242,2235 1268,2236 1294,2236 1320,2237 1345,2238 1371,2238 1397,2239 1423,2240 1449,2240 1475,2241 1501,2242"/>
        <TextEquiv>
          <Unicode>hasta segunda ordenanza.</Unicode>
        </TextEquiv>
      </TextLine>

      
      
      <TextLine id="r3l42" >
        <Coords points="978,2282 978,2232 1469,2244 1469,2288 1465,2299 974,2296"/>
        <Baseline points="979,2284 1004,2284 1030,2283 1056,2283 1082,2283 1108,2283 1134,2283 1159,2283 1185,2283 1211,2284 1237,2285 1263,2285 1289,2286 1314,2286 1340,2287 1366,2288 1392,2288 1418,2289 1444,2289 1470,2289"/>
        <TextEquiv>
          <Unicode>Mandó subiese don Juan</Unicode>
        </TextEquiv>
      </TextLine>

      
      
      <TextLine id="r3l43" >
        <Coords points="971,2332 971,2288 1546,2290 1546,2338 1544,2370 1360,2370 1358,2367 1358,2367 1356,2367 1356,2367 1346,2363 1312,2353 1268,2363 1260,2363 1260,2363 1260,2363 1258,2363 1258,2363 1243,2361 1168,2351 969,2355"/>
        <Baseline points="973,2333 1001,2333 1030,2333 1059,2333 1087,2333 1116,2333 1145,2333 1173,2334 1202,2334 1231,2334 1260,2335 1288,2335 1317,2336 1346,2336 1374,2337 1403,2337 1432,2337 1460,2338 1489,2338 1518,2339 1547,2340"/>
        <TextEquiv>
          <Unicode>y venga su esposa, y traigan </Unicode>
        </TextEquiv>
      </TextLine>

      
    </TextRegion>
    

    
  </Page>
</PcGts>
