1752 2480
157 103 674 196 para tirarla; mas ella
897 140 1472 227 Lo que conviene esta noche,
155 179 620 248 no le dió lugar á tanto;
897 190 1406 268 es, que estemos desviados
159 219 730 289 porque una parte de azero
891 237 1332 318 unos de otros, porque,
146 268 653 343 le echó fuera los livianos.
889 287 1497 384 podremos mas bien cercarlo.
155 316 639 396 Tres valientes Andaluces
885 334 1454 425 Con que al fin, se dividieron
157 361 730 434 desde alli la acompañaron.
881 388 1363 465 y ella á uno acogotando,
153 411 686 504 hasta la Ciudad de Andujar
885 431 1433 524 se fué donde estaba el otro;
148 460 624 537 Sierra Morena pasando.
887 483 1402 568 y tambien lo ha degollado.
142 510 614 582 En el camino encontró
885 529 1369 609 y al otro le dió la muerte
155 564 730 657 un hombre que iba llorando;
885 578 1358 673 de un fuerte carabinazo,
150 609 620 684 preguntóle su afliccion,
883 632 1282 702 quitóles la cantidad,
148 655 719 746 y él le dijo: me han robado,
885 673 1414 772 que al otro habian robado.
142 715 651 781 muy poco trecho de aquí,
885 729 1296 806 A Villa Manrique fué,
150 758 701 837 ciento y cincuenta ducados.
883 770 1460 874 donde el dinero ha entregado
144 801 707 886 Lo que siento, no son mios,
881 822 1309 907 al tal sugeto, y quedó
134 861 711 930 y tambien me lian desnudado
877 882 1288 942 agradecido del caso.
146 907 695 979 ella preguntó: eran muchos
881 919 1356 1010 Volviéndose á Gibraltar,
146 952 661 1031 esos que te han ultrajado?
877 971 1390 1058 donde mató al Escribano,
136 996 697 1097 Respondió: Señor, son tres,
887 1025 1383 1101 por cuya causa fué presa,
132 1058 585 1128 y en el parecer Jitanos,
887 1078 1385 1149 y al punto la sentenciaron
138 1105 529 1169 ella le dijo; pues vé
874 1122 1418 1200 á que muera en una horca:
128 1147 546 1227 á ese lugar cercano,
879 1165 1485 1268 viendo el pleito mal parado;
130 1198 643 1277 y aguardeme alli dos dias,
881 1223 1358 1299 confesó, que era muger,
136 1254 651 1333 y le dió un real de acuatro
883 1266 1483 1366 y al Virrey cuenta le han dado.
136 1299 595 1368 para que se sustentase:
872 1310 1327 1397 Envió cuatro mugeres;
134 1351 649 1423 y ella por unos barrancos,
866 1368 1336 1438 á donde la registraron,
130 1399 626 1471 por entre pañas, y joyas,
866 1409 1352 1490 y viendo que era verdad,
130 1446 678 1525 á donde los ha encontrado,
864 1454 1398 1547 al punto la han perdonado,
126 1490 597 1562 les dice: ó amigos mios
866 1508 1385 1595 porque muchos Caballeros
122 1535 736 1626 por cierto que me he alegrado
870 1562 1344 1632 por empeño lo tomaron.
132 1593 692 1684 de que he hallado compañía
858 1607 1350 1688 En la gloriosa Santa Ana
126 1647 585 1715 porque vengo fatigado,
860 1653 1431 1746 luego el habito le han dado;
124 1692 618 1756 porque tres amigos mios
858 1707 1334 1783 á donde sirviendo á Dios
128 1736 754 1837 han preso, yo me he escapado.
864 1746 1373 1841 está con muchos aplausos.
132 1783 577 1853 Un Caballero ha salido
856 1798 1336 1884 Esta es la vida, Señores,
130 1837 581 1907 tan solo con su criado,
856 1845 1373 1934 de Doña Teresa de Llanos,
115 1882 670 1961 y trae mas de mil doblones,
854 1895 1383 1979 la que hizo tantas muertes,
115 1932 680 2043 porque lo supe en Almagro.
846 1948 1483 2062 su honor continuo guardando.
827 2025 924 2116 FIN.
225 2163 1398 2333 CARMONA:—1861. Imprenta de D. José María Moreno,
