1765 2512
127 297 161 357 8
79 349 623 408 para esta noche á las doce
81 387 626 460 vendrás, dueño mio, solo,
81 439 596 504 y en una reja que tiene
79 494 642 554 dos palmos, estarás pronto
77 535 546 604 en hacer alguna seña,
81 579 684 648 que este es mi retiro propio,
85 636 649 701 y una cuerda de diez varas
75 678 651 743 has de traer que es forzoso
79 730 556 797 bajar desde una azotea,
83 774 757 862 que aunque el paso es peligroso,
83 833 487 898 atropellaré peligros
81 875 623 939 porque tú seas mi esposo.
75 921 600 990 No dijo mas, y con esto,
79 977 565 1034 señores quedé tan loco,
81 1019 611 1088 que no llegué á presumir
77 1073 544 1136 si era mio tanto gozo.
85 1117 594 1182 Tocó el reloj à las doce,
81 1161 523 1226 tomè la calle brioso,
79 1209 690 1285 llegué al postigo y tocando,
83 1272 653 1325 con pasos muy presurosos
79 1316 613 1377 salió Rosaura y me dijo:
83 1366 611 1427 amante y querido esposo,
79 1406 630 1473 recibe esta ropa y dame
83 1459 669 1526 la cuerda, y disela pronto.
81 1509 544 1567 Aseguróla, y bajando
77 1549 630 1613 con un denuedo animoso,
85 1605 632 1662 recibiéndola en los brazos
87 1649 573 1718 tomé la calle animoso.
797 341 1383 406 El placer que aquella noche
801 391 1312 454 tuve, nótele el curioso.
799 441 1283 506 Al siguiente dia salgo
801 479 1316 550 con un ingenio mañoso,
803 531 1325 598 en un coche que pasaba
806 579 1316 646 á Córdoba, la acomodo,
806 625 1291 690 donde iba un caballero
806 676 1312 747 y una señora, gustosos
806 724 1342 793 de haber un pleito ganado
801 776 1321 839 nos recibieron gustosos
808 826 1312 891 y Rosaura á los señores
810 881 1279 942 contó su suceso todo.
808 916 1316 988 A su casa nos llevaron,
808 962 1413 1038 y en persona pasó él propio,
801 1015 1406 1099 dió cuenta al Señor Obispo:
806 1069 1296 1136 pero el pastor animoso
806 1109 1396 1180 mandó que nos desposaran,
812 1161 1296 1228 y lo ejecutaron pronto,
816 1205 1365 1281 y componiendo las partes
816 1264 1348 1339 quedaron todos gustosos.
820 1306 1344 1371 Y porque de los oyentes
808 1350 1323 1419 habrá algunos deseosos
806 1402 1363 1469 de saber mi nombre, digo
814 1456 1333 1517 que me llamo D. Antonio
810 1498 1296 1563 de Narvaez y me obligo
806 1549 1285 1620 para servirlos á todos,
812 1588 1390 1668 porque perdonen mis faltas
818 1641 1432 1714 y yerros que no habrá pocos.
663 1886 919 2051 FIN.
607 2168 1004 2239 CARMONA:—1858.
169 2214 1425 2302 Imp. de D. José M. Moreno, calle Juan de la Cabra núm. 4.
