1765 2512
295 186 318 253 6
600 1651 1159 1762 TERCERA PARTE.
213 1785 579 1840 Habiéndose despedido
175 1823 519 1877 de la discreta Sultana
173 1858 615 1919 aquellos cuatro Cristianos,
173 1900 657 1961 que en la otra segunda plana
176 1952 560 1995 dije que la defendieron,
175 1984 577 2038 dejando limpia su fama,
173 2020 615 2076 dando muerte á los aleves,
173 2053 617 2116 que traidores le infamaban
173 2099 619 2160 y haciendo que por su boca
173 2139 556 2195 esta verdad declararan:
173 2174 579 2233 quedó esta noble señora
173 2214 598 2277 muy triste y desconsolada,
173 2256 657 2313 sintiendo mucho su ausencia;
173 2288 561 2373 y al verse tan obligada,
906 226 1308 301 un puñal, y en el sobaco
171 244 607 297 y cuando lo tuvo á trecho,
169 276 579 341 alzando brazo y espada,
904 280 1266 341 repitió dos puñaladas;
175 322 535 378 tan recio golpe le dió,
891 309 1327 380 y el Moro muy mal herido
906 360 1266 418 furioso sacó una daga
173 355 596 420 que corló casco y adarga,
171 395 535 460 y parte de la cabeza.
900 404 1306 460 para herirle y no podía,
169 424 699 500 Cayó el Moro ardiendo en rabia,
900 437 1339 494 por ser la hoja muy ancha.
902 483 1260 531 Tercera vez el Alcaide
171 477 653 535 y volviendo en pie á ponerse,
171 514 538 573 le dió con la cimitarra
906 525 1287 577 le metió pof una lujada
171 561 634 615 á don Manuel en el hombro,
902 558 1302 611 el puñal, y cayó el Moro:
169 602 636 657 pero no le ofendió en nada;
902 594 1323 657 y alli antes que acabara,
171 640 598 692 y alzando el invicto brazo,
904 638 1339 690 puesta la rodilla al pecho,
171 674 615 736 le dió tan gran cuchillada,
906 680 1285 734 le obligó que confesara
902 711 1356 776 la traición, y que los Jueces
169 713 577 772 que la cabeza le hundió
171 751 577 810 hasta cerca de la barba.
902 751 1287 812 viesen loque declaraba.
171 799 594 851 Al instante cayó el Moro,
902 799 1339 851 De parte pues de la Reina
908 831 1346 891 mil instrumentos sonaban
167 831 596 893 y alli sin remedio acaba:
171 868 575 929 alzó don Manuel los ojos,
896 877 1285 929 en señal de la victoria.
171 912 674 973 y á Dios le rindió mil gracias,
902 910 1365 973 Muza se fue en su compaña
175 956 611 1006 y montando en su caballo,
904 952 1245 1006 por el Zacatín arriba,
167 988 634 1048 fue á donde los dos estaban.
902 994 1289 1046 é iban haciéndole salva
171 1029 529 1090 El Alcaide y el Zegrí,
902 1027 1327 1086 los muy sonoros clarines,
171 1075 734 1130 blandiendo entrambos las lanzas,
902 1065 1346 1126 hasta llegar á la Alhambra.
171 1109 634 1165 se encontraron los caballos,
904 1111 1308 1168 Alli fueron bien curados;
904 1142 1258 1207 la Reina los visitaba,
175 1149 577 1207 y los dos á tierra saltan,
904 1186 1329 1249 rindiéndoles mil aplausos,
173 1184 617 1249 y con la espada en la mano
173 1230 575 1279 empiezan nueva batalla.
906 1228 1268 1283 y la siguiente mañana
173 1270 672 1333 Viendo el Moro que el Alcaide
904 1266 1365 1327 marcharon, por ser preciso,
171 1299 479 1362 no le cedia ventaja,
906 1308 1266 1366 y alegre toda Granada
173 1348 655 1400 muy confiado en sus fuerzas,
906 1352 1308 1406 con rendidas espresiones
904 1379 1208 1436 el valor victoreaba
171 1383 598 1442 porque eran agigantadas,
171 1427 607 1479 se abruzó con el Cristiano,
904 1410 1331 1482 de los turcos mas bizarros
173 1461 632 1521 y un grande ralo luchaban,
173 1505 657 1561 cuando el muy astuto Alcayde
902 1465 1365 1523 en la acción mas arriesgada.
904 1509 1289 1555 Y en otra tercera parte
171 1546 579 1618 se acordo de que llevaba
906 1536 1308 1611 se dirá lo que aqui falta.
902 1781 1212 1837 agradecida quisiera
904 1825 1346 1877 el partirse en su compaña,
904 1858 1210 1921 para recibir gozosa
904 1902 1327 1953 con el bautismo la gracia.
904 1938 1329 1997 Tres años con desconsuelo
902 1976 1287 2032 vivió, por verse privada
904 2013 1329 2072 de este favor, basta tanto
902 2053 1427 2114 que el cielo abrió puerta franca
906 2091 1268 2151 á sus vivas diligencias,
904 2133 1287 2189 porque el deseo lograra.
904 2172 1291 2229 El Campeón invencible
906 2210 1224 2271 y Católico Monarca
904 2252 1409 2311 don Fernando, que ahora mora
906 2292 1310 2367 entre angélicas escuadras
