1765 2512
276 324 309 401 4
148 360 651 460 señores yo soy mu neto,
148 422 636 508 mas bravio que un leon
157 487 590 573 y con mucho corazon
148 527 713 613 sa cabó, soy mu completo.
159 575 697 674 Un mozo como un parmito
161 630 772 722 que con el mejor me apuesto;
173 690 651 785 y templao! prosupuesto
169 736 753 826 que al ver un cuerpo bonito,
161 795 695 881 fortuna me jago un tiesto.
167 851 659 935 Con las mosas soy azuca
173 906 682 994 y me estutano por ellas.
175 956 709 1044 y me subo á las estrellas
177 1008 678 1090 en armando la borrusca.
175 1050 762 1147 Con hombres laigo sentellas,
186 1101 873 1205 quemo mas que un jierro ardiendo
182 1163 734 1249 echo mas fuego que el sor
184 1214 699 1325 laigá puñalas en viendo
875 332 1264 424 otro mozo como yo.
873 380 1356 485 Mi navaja es de Mudela
879 441 1346 527 con doce muelles atrás,
875 487 1404 590 no hay mas que jaser ¡saz!
883 548 1316 644 y ella sólita se cuela
885 598 1524 705 y el que quiera armá el espolio
883 655 1367 747 donde yo cobro er cané
883 705 1425 797 se la enclavo en la paré
889 759 1427 845 y no recibe er Santo Olio.
894 814 1367 900 Y si le escupo ¡canario!
887 866 1356 952 á ese só medio enfaao,
887 933 1243 1008 lo dejo abujereao
894 965 1490 1061 como la cuenta é un rosario.
898 1025 1423 1122 ¡En fin soy una serpiente!
898 1084 1411 1165 Estaría yo un dia quemao
906 1134 1411 1224 cuando me tiré un bocao
917 1182 1517 1287 yo mismo en mitá é la frente.
883 1764 977 1860 FIN
278 2285 1614 2432 CARMONA:—Imp. y lib. de D. José M. Moreno, Madre de Dios, 1.
