1737 2508
240 2018 654 2092 De Sicilia con poder
190 2077 633 2140 la armada real partia,
192 2115 769 2188 en lindo acuerdo y concierto
192 2175 785 2236 don Juan de Austria la regia,
194 2219 662 2292 magnánimo y valeroso,
198 2276 654 2347 príncipe de gran valía,
915 1998 1502 2081 hermano del rey de España,
923 2062 1425 2125 que por general lo envia:
921 2104 1438 2173 doscientas y ocho galeras,
913 2158 1362 2227 eran todas de la Liga,
919 2202 1507 2286 y veinte y seis naves gruesas,
919 2259 1306 2344 seis galeazas habia
1164 190 1356 282 Núm. 28.
257 1266 1471 1419 LA GRAN VICTORIA
186 1402 1586 1519 QUE TUVO DON JUAN DE AUSTRIA, CONTRA LA ARMADA
181 1481 1590 1563 turquesa en el golfo de Lepanto á siete de octubre de 1571, dividida en
179 1517 1590 1609 tres famosos romances. El primero, cuando partió don Juan del reino de
181 1567 1586 1657 Sicilia, con toda la armada en busca de la del turco. El segundo, el
179 1623 1584 1715 presente que envió el Turco al señor don Juan. El tercero, otro presente
271 1672 1496 1770 que hizo el señor don Juan al Turco, con muy, sabias respuestas.
560 1878 1214 1977 PRIMERA PARTE.
