1765 2512
261 205 303 270 4
140 257 590 318 con el invicto Gualtero
136 297 565 364 quedó Griselda casada,
133 332 722 412 que fuó de constancia ejemplo;
138 395 565 452 atención oyentes mios,
136 429 653 491 otra vez á encargar vuelvo,
136 471 636 540 porque son muy diferentes
140 523 615 581 los casos, que si primero
140 561 569 623 fué contento y alegría
140 602 709 667 ahora es pena y sentimiento.
140 651 550 711 Dejo aparte la alegría
142 694 663 757 de los cuatro años primeros
138 745 588 801 de su feliz matrimonio,
142 785 621 851 y vamos ahora de nuevo
142 835 550 893 á referir los pesares.
144 875 582 933 A los dos años tuvieron
144 914 602 981 una hija que en belleza
142 958 684 1029 quila al sol sus rayos bellos.
144 1000 579 1067 Celebróse de la infanta
144 1046 577 1109 el dichoso nacimiento
144 1090 575 1151 con universal aplauso,
144 1138 619 1199 aunque gustara Gualtero
144 1189 718 1245 mucho mas que fuera infante,
140 1228 728 1295 por la quietud de sus pueblos.
146 1274 554 1333 Crió Griselda la niña
146 1310 621 1379 con cariño de sus .pechos
144 1362 623 1423 por espacio de dos años,
150 1406 626 1469 y al cabo quiso Gualtero
144 1450 586 1515 probar la fina constacia
146 1494 646 1563 de su esposa y muy severo
148 1538 697 1599 entró al cuarto donde estaba,
148 1578 628 1641 de esta manera diciendo:
150 1622 651 1687 bien te acordarás Griselda
148 1674 602 1731 de tu ya pasado tiempo,
148 1714 669 1775 cuando vinistes á mi casa,
148 1762 561 1825 y aquel ofrecimiento
148 1800 607 1871 que delante de tu padre
148 1846 835 1913 me hiciste, que en ningún tiempo
154 1892 684 1953 me habías de dar disgustos,
150 1936 705 2003 y asi has de tener por cierto,
148 1978 695 2043 que de nuestro matrimonio,
152 2026 676 2087 hubo muchos descontentos,
152 2072 674 2135 y después de haber parido,
150 2116 628 2177 mas disgustados los veo,
150 2156 730 2233 purque dicen que no quieren
150 2208 609 2269 sujetarse a los respectos
152 2244 674 2308 de tu hija, que aunque sea
154 2292 705 2352 bija, de un señor tan buerro,
154 2340 766 2401 nieta es también de un villano,
154 2386 592 2442 como es Janículo: creo
157 2421 703 2499 lo tendrás bien en memoria;
858 249 1310 314 y asi tengo ya dispuesto
854 290 1335 360 por la concordia y la paz
856 328 1354 395 de mis vasallos que luego
858 378 1264 441 salga tu bija de casa,
858 422 1396 494 y esto ha de ser almomento.
854 462 1350 531 A que respondió Griselda,
858 510 1400 571 sin muestra de sentimiento:
858 556 1354 615 señor, de mi y de mi hija
860 598 1383 659 sois vos el perpetuo dueño;
862 640 1398 711 has, dispon, manda y ordena
860 684 1425 755 que yo siempre á tu precepto
862 728 1402 799 estoy firme y muy dispuesta.
860 774 1373 835 Al punto mandó Gualtero
866 820 1337 885 á un criado que llegase,
862 858 1310 931 y la infanta con despejo
860 900 1450 971 quitase á su madre, y la saque
864 950 1427 1013 de su presencia al momento.
860 992 1316 1059 Fué el criado diligente,
864 1038 1316 1105 entróse en el aposento,
864 1086 1268 1151 y viéndole la señora,
862 1124 1430 1199 pensó su intención, y luego
864 1170 1360 1237 tomó en brazos á la niña,
868 1207 1316 1285 y la persignó, diciendo:
866 1258 1386 1325 Dios te libre de desgracias;
866 1302 1388 1364 en el rostro le dió un beso,
866 1348 1346 1419 y al criado se la entrega
868 1394 1344 1456 quien salió del aposento.
868 1438 1321 1498 Notad, oyentes amados,
870 1477 1346 1549 la congoja y sentimiento
868 1521 1381 1593 que en el corazón Griselda
870 1574 1304 1634 tendría, y con lodo eso
870 1611 1390 1678 no se vió mudanza alguna
873 1660 1346 1718 en su diamantino pecho.
875 1701 1398 1770 Fué el criado donde estaba
875 1745 1348 1808 su amo, y dispuso luego
875 1789 1283 1852 la llevasen á Bolonia,
879 1840 1283 1904 donde tenia Gualtero
877 1875 1354 1938 una hermana, que casada
877 1934 1285 1988 era con un caballero,
875 1965 1371 2032 llamado el conde Panicio,
877 2009 1388 2087 y encargó que con secreto
877 2064 1243 2120 á su hija la criasen
877 2103 1365 2168 con aquellos documentos
875 2137 1442 2212 que entre los nobles se usan
877 2187 1432 2256 en la educación, mas de esto
879 2231 1287 2298 nada sabia Griselda,
877 2277 1354 2348 pues iba con tal silencio,
877 2313 1492 2392 que aun de si era muerta ó viva
883 2371 1377 2430 no le dió cuenta Gualtero.
881 2401 1404 2480 Y cuando fue Dios servido.
