1737 2508
848 148 882 257 3
165 238 610 286 aquella fina tumbaga.
158 269 595 336 El platero que la vió,
163 315 739 384 le responde estas palabras:
163 363 762 434 Señor príncipe, ¿qué es esto?
167 422 620 480 este anillo lo declara
171 470 624 532 que sois persona real;
167 507 685 578 su Alteza no niegue nada.
169 558 693 622 Don Juan reparóse y dijo:
163 610 760 675 Soy hijo del rey de España,
169 658 691 723 el grande Felipe cuarto.-
167 712 687 771 por defender á una dama,
163 754 700 819 le dí la muerte sangrienta
167 800 798 867 á un hijo del Duque de Alba,
175 854 679 917 y temiendo de mi padre
169 907 721 969 el castigo que me aguarda,
173 944 710 1013 hasta verlo mas templado
163 999 748 1065 es fuerza que ausencia haga.
167 1040 574 1111 De la Córte me salí
171 1095 683 1159 sin que nadie sepa nada,
171 1143 618 1205 y así si tú determinas
169 1187 650 1251 el que se vea ensalzada
171 1237 702 1306 tu casa, haciéndote noble,
173 1289 620 1354 sobre esta real alhaja,
183 1329 733 1400 para mi adorno y decencia
179 1381 656 1446 dame monedas y galas,
177 1435 693 1498 que si te portas conmigo,
175 1479 700 1546 luego que pase á España
171 1534 631 1594 promento te ampararé,
183 1584 710 1644 juro por mi real palabra.
175 1621 654 1694 El platero le responde;
173 1672 645 1743 en esta ciudad se halla
169 1722 616 1782 un amigo mio, que
175 1763 798 1855 grande hacienda le acompaña;
171 1818 660 1887 á este dicho le hablarè
177 1868 746 1933 en lo que su alteza manda.
169 1912 685 1985 Mucho puede el interes,
171 1962 750 2033 su imperio todo lo arrastra.
173 2010 633 2081 El maestro de platero,
171 2064 668 2131 se partió con vigilancia
173 2106 599 2177 á casa de su amigo;
175 2154 658 2227 cuenta de todo le daba,
175 2213 637 2284 como en su casa tenía
890 236 1527 290 á un gran príncipe de España,
896 275 1486 340 que era dueño de la prenda,
900 326 1436 380 que dice su forma y traza.
898 365 1323 430 Movido de la codicia,
896 413 1323 480 le pusieron una casa
890 470 1341 530 adornada con primor,
894 509 1352 576 le remiten dos criadas
898 558 1329 622 dos criados y carroza
896 606 1375 672 compuesta y aderezada.
896 656 1423 725 El les encarga el secreto,
905 708 1513 777 y es porque así le importaba.
892 748 1429 821 Se cruzaban los doblones,
896 802 1425 865 los diamantes y las galas.
898 852 1446 919 Sepámos que el mercader
900 900 1404 965 tiene por hija una dama
892 948 1429 1015 hermosa á las maravillas,
896 1003 1452 1061 que es de todos envidiada.
896 1042 1429 1113 Llegó el dia de San Juan,
902 1097 1429 1162 en que previno en su casa
902 1139 1379 1208 diversidad de manjares
907 1191 1492 1262 para la funcion que aguarda.
896 1241 1498 1308 Fué á ver al príncipe, y dióle
907 1287 1364 1356 las vísperas celebradas
902 1343 1436 1406 de su santo, y le suplica
902 1394 1473 1448 que pase á honrarle su casa
898 1433 1327 1496 con su persona real,
909 1479 1438 1548 que humilde se lo rogaba.
905 1542 1394 1598 Amaneció el dia alegre,
909 1577 1394 1646 poner la carroza manda,
902 1634 1348 1690 y adornóse lo posible
898 1674 1479 1738 desde el cabello á la planta.
902 1724 1314 1789 Triunfante se paseó
905 1772 1362 1841 hasta llegar á la casa
905 1824 1392 1891 del mercader, y apeóse,
907 1874 1325 1935 alegres lo saludaban.
911 1916 1362 1985 El mercader á su hija
907 1966 1502 2039 la ha encerrado en una sala:
911 2016 1369 2083 obedecióle á su padre:
905 2069 1406 2131 mucho puede la crianza,
909 2117 1433 2184 pero mas puede el amor,
907 2167 1584 2225 que son muy grandes sus trazas.
905 2211 1456 2282 Pusieron en fin las mesas
