1289 1751
748 142 976 214 (Núm. 105.)
726 625 890 687 Hombre.
270 745 814 809 Salen Alcalde y Escribano.
294 220 767 299 ENTREMES.
64 316 1026 437 LA REQUISITORIA
226 466 855 553 DEL BORRICO.
68 621 227 671 Alcalde.
55 662 268 717 Escribano
413 633 674 709 2 Alguaciles
702 669 887 731 Muger.
62 853 962 916 Esc. Acicálele, alcalde, oid, no seais esquivo.
62 898 909 960 Alc. No me ha de quedar hoy pollino vivo.
72 949 1020 1012 Esc. Pues porqué han de morir? Qué majadero!
199 993 564 1044 No daréis la razon?
67 1038 529 1088 Alc. Porqu yo quiero.
65 1081 693 1135 Esc. Por qué quieres matallos?
67 1127 586 1177 Alc. No los quiero matar.
68 1167 383 1222 Esc. Pues qué?
67 1212 405 1262 Alc. Ahorcallos.
65 1254 868 1311 Esc. Se seguirá gran daño á los vecinos.
67 1301 954 1361 Alc. Es que hay en el lugar muchos pollinos.
201 1348 928 1409 Con uno ahi he tenido una pendencia,
198 1384 956 1451 que á no hallarme vestido de prudencia,
201 1437 867 1492 y ver que era un borrico vil y bajo,
199 1476 818 1536 nos pudo suceder alli un trabajo.
67 1524 877 1580 Esc. Con cual el pleito fué, saber espero.
67 1561 827 1619 Alc. Ahi fué con el burro del Barbero.
67 1609 991 1670 Esc. Ay Jesús! quien tal dice! quien tal piensa!
201 1651 1027 1742 con un burro un alcalde anda en pendencia?
