1765 2512
322 198 370 274 8
831 1953 961 2045 FIN.
211 265 615 320 #in perjudicar los bienes
940 270 1346 316 Y luego al dia siguiente
211 305 653 362 del que quedase en EspaAa.
940 309 1365 360 todos los Grandes de gala
209 347 596 399 como ni impedir el paso
937 343 1306 404 visitaron á los Reyes,
207 383 611 437 al que al Africa se parta.
937 378 1444 441 y al besar sus manos blancas,
207 427 575 477 Todo lo cual otorgado
935 427 1354 481 de Granada y de su reino
207 464 611 519 por el piadoso Monarca,
935 458 1342 521 lo juraron por Monarca.
207 504 630 558 en compaña de su esposa,
935 504 1323 558 Fue también á visitarles
207 542 613 598 y mucha gente esforzada,
935 542 1323 598 muy gozosa la Sultana,
207 584 592 634 fue á tomar la posesión
937 575 1321 640 y siendo bien recibida,
205 621 569 674 de ciudad tan deseada.
937 623 1321 676 reveló lo que archivaba
205 655 552 713 Y junto al Genil salió
933 657 1360 718 ya tres años en su pecho,
205 697 699 755 el Rey Chico, y le entregaba
933 703 1356 755 que quería ser Cristiana.
203 730 567 793 las llaves de la ciudad,
935 734 1319 795 Y los Reyes muy alegres
205 774 669 837 y subiéndose ála Alhambra,
933 772 1298 835 ofrecieron ampararla,
203 814 590 870 en la torre de Gomares
933 816 1339 875 sirviéndole de padrinos,
200 849 548 910 levantó la señal santa
935 854 1400 912 Í el nuevo Arzobispo el agua
200 893 669 956 de la Cruz, y de allí á poco,
933 893 1377 954 e echó del santo bautismo,
200 931 646 992 de Fernando y de su amada
935 933 1316 994 y quisieron se llamara,
200 969 626 1029 esposa el regio estandarte.
931 969 1337 1034 si Sultana, siendo Mora,
203 1008 669 1069 Y luegos los Reyes de arma9
931 1013 1335 1073 doña lsab. 1 de Granada.
200 1050 567 1109 dijeron en altas voces,
931 1059 1258 1109 Y casándola después
198 1094 626 1147 que todos las escucharan:
931 1099 1354 1151 con un joven, que gozaba
198 1130 626 1189 el Rey don Fernando viva,
929 1132 1279 1189 esclarecidos blasones,
198 1168 598 1230 y que reine edades largas
931 1168 1358 1224 su Alteza con mano franca
196 1214 644 1260 con doña Isabel su esposa:
929 1205 1375 1270 le dió en dote dos ciudades;
196 1249 686 1306 por ambos desde hoy Granada.
929 1245 1394 1310 y ella á su esclava Esperanza
196 1285 552 1343 La real Capilla entonó
927 1287 1293 1343 de Hita le diólivertad,
196 1329 563 1385 el te DEt M y fué tanta
927 1329 1331 1385 y se fue á Mola su patria.
196 1362 563 1423 la alegría, que de gozo
923 1360 1293 1423 El Rey Chicóse partió
194 1402 561 1461 todo Cristiano lloraba.
927 1406 1369 1469 para el Africa, en compaña
192 1450 602 1503 Tanian mil instrumentos
927 1450 1358 1503 de los Gómeles muy triste,
192 1488 621 1544 por las calles y las plazas,
925 1488 1406 1549 pues real cetro no empuñaba;
192 1521 579 1582 y cuando vino la noche.
923 1530 1331 1582 Í en Africa aleves manos
190 1565 640 1624 fuegos hubo y luminarias,
923 1557 1386 1626 e dieron la muerte infausta.
192 1599 548 1660 jugando galanamente
929 1599 1289 1662 Y con esto el auditorio
190 1647 561 1714 las alcancias y cañas.
927 1641 1268 1712 disimulará las faltas.
705 2254 1092 2317 CARMONA:—1853.
253 2281 1543 2390 Imprenta de D. José M. Moreno, calle de las Descalzas núm. 1.
