<?xml version="1.0" encoding="UTF-8"  standalone="yes"?>
<PcGts xmlns="http://schema.primaresearch.org/PAGE/gts/pagecontent/2019-07-15" xmlns:xsi="http://www.w3.org/2001/XMLSchema-instance" xsi:schemaLocation="http://schema.primaresearch.org/PAGE/gts/pagecontent/2019-07-15 http://schema.primaresearch.org/PAGE/gts/pagecontent/2019-07-15/pagecontent.xsd">
  <Metadata>
	<Creator>escriptorium</Creator>
	<Created>2021-12-11T11:57:57.068303+00:00</Created>
        <LastChange>2021-12-11T11:57:57.068342+00:00</LastChange>

  </Metadata>
  <Page imageFilename="Moreno_234_3.jpg" imageWidth="1737" imageHeight="2508">

    
    <TextRegion id="eSc_textblock_73467e6c"  custom="structure {type:MainZone;}">
      <Coords points="56,261 56,2321 928,2310 834,261"/>
      
    </TextRegion>
    
    <TextRegion id="eSc_textblock_4aceb251"  custom="structure {type:MainZone;}">
      <Coords points="1625,2268 1625,236 792,261 792,2268"/>
      
    </TextRegion>
    

    
    <TextRegion id="eSc_dummyblock_">
    
    
      <TextLine id="eSc_line_31a4d5c4" >
        <Coords points="135,349 129,309 344,303 349,298 367,286 369,286 369,286 369,286 372,286 372,286 372,286 374,286 374,286 434,296 445,296 457,294 512,282 512,282 512,282 514,282 514,282 514,282 553,290 564,292 574,290 610,277 612,277 612,277 612,277 614,277 614,277 614,277 616,277 616,277 637,288 645,290 658,286 683,277 685,277 685,277 685,277 687,277 687,277 737,284 742,328 746,342 733,355 733,357 733,357 731,357 731,357 731,357 729,357 729,357 727,357 516,355 501,365 501,365 499,365 499,365 499,365 497,365 497,365 495,365 271,361 248,374 246,374 246,374 244,374 244,374 244,374 242,374 133,363"/>
        <Baseline points="137,350 744,330"/>
        <TextEquiv>
          <Unicode>aunque con bastante miedo,</Unicode>
        </TextEquiv>
      </TextLine>

    
    
      <TextLine id="eSc_line_a31ef6a5" >
        <Coords points="112,401 106,365 449,346 451,346 712,351 716,386 716,399 541,415 541,418 112,418"/>
        <Baseline points="114,402 717,388"/>
        <TextEquiv>
          <Unicode>por si se armaba camorra:</Unicode>
        </TextEquiv>
      </TextLine>

    
    
      <TextLine id="eSc_line_ffb99197" >
        <Coords points="135,455 131,418 236,403 236,403 238,403 238,403 290,411 307,401 309,401 309,401 309,401 311,401 311,401 313,401 829,401 834,438 834,455 188,478 186,478 186,478 133,468"/>
        <Baseline points="137,456 836,439"/>
        <TextEquiv>
          <Unicode>cuando Dios, y en hora buena,</Unicode>
        </TextEquiv>
      </TextLine>

    
    
      <TextLine id="eSc_line_155cbbd4" >
        <Coords points="137,507 133,472 522,451 524,451 524,451 526,451 572,461 629,451 629,451 629,451 631,451 815,459 819,493 819,514 137,526"/>
        <Baseline points="139,509 820,495"/>
        <TextEquiv>
          <Unicode>veo, que un hombre con sorna</Unicode>
        </TextEquiv>
      </TextLine>

    
    
      <TextLine id="eSc_line_8befdc5c" >
        <Coords points="133,558 129,514 581,514 585,549 583,564 133,572"/>
        <Baseline points="134,559 586,551"/>
        <TextEquiv>
          <Unicode>á la una de las dos,</Unicode>
        </TextEquiv>
      </TextLine>

    
    
      <TextLine id="eSc_line_60a488f8" >
        <Coords points="137,610 133,568 700,558 706,599 708,614 679,627 679,627 677,627 677,627 677,627 675,627 484,620 250,635 248,635 248,635 135,624"/>
        <Baseline points="139,612 708,601"/>
        <TextEquiv>
          <Unicode>le dijo, con mucha prosa:</Unicode>
        </TextEquiv>
      </TextLine>

    
    
      <TextLine id="eSc_line_35c4eee9" >
        <Coords points="140,666 137,624 399,624 403,620 415,612 415,610 415,610 418,610 418,610 420,610 420,610 420,610 422,610 422,610 422,610 472,620 480,622 491,620 549,606 551,606 551,606 553,606 553,606 553,606 620,620 624,652 629,664 616,677 616,679 616,679 614,679 614,679 614,679 612,679 612,679 610,679 424,675 346,687 346,687 344,687 137,681"/>
        <Baseline points="142,668 625,654"/>
        <TextEquiv>
          <Unicode>Señora, querida mia,</Unicode>
        </TextEquiv>
      </TextLine>

    
    
      <TextLine id="eSc_line_ffbbc319" >
        <Coords points="140,718 135,679 733,666 739,702 737,716 140,739"/>
        <Baseline points="142,721 742,704"/>
        <TextEquiv>
          <Unicode>yo he de acompañar ahora,</Unicode>
        </TextEquiv>
      </TextLine>

    
    
      <TextLine id="eSc_line_28471588" >
        <Coords points="146,767 140,735 163,723 163,723 163,723 165,723 165,723 167,723 570,723 576,714 579,714 579,712 579,712 581,712 581,712 581,712 583,712 583,712 583,712 585,712 585,712 637,721 664,710 664,710 666,710 666,710 668,710 668,710 752,721 756,752 756,771 146,787"/>
        <Baseline points="148,768 758,754"/>
        <TextEquiv>
          <Unicode>sin que nadie me lo impida,</Unicode>
        </TextEquiv>
      </TextLine>

    
    
      <TextLine id="eSc_line_1d70609e" >
        <Coords points="140,819 135,777 670,773 677,810 675,838 140,838"/>
        <Baseline points="142,821 678,813"/>
        <TextEquiv>
          <Unicode>á vuestra noble persona:</Unicode>
        </TextEquiv>
      </TextLine>

    
    
      <TextLine id="eSc_line_09a7f9e2" >
        <Coords points="140,873 137,833 403,833 441,829 507,821 507,821 510,821 510,821 551,829 560,829 564,827 587,819 587,819 589,819 589,819 591,819 591,819 668,827 675,827 675,827 685,819 685,817 685,817 687,817 687,817 687,817 689,817 689,817 691,817 691,817 767,827 771,858 771,888 140,892"/>
        <Baseline points="142,874 772,860"/>
        <TextEquiv>
          <Unicode>yo entonces me quedé elado,</Unicode>
        </TextEquiv>
      </TextLine>

    
    
      <TextLine id="eSc_line_84dbca19" >
        <Coords points="144,923 137,894 169,881 169,881 171,881 171,881 173,881 482,884 570,871 570,871 572,871 744,879 748,909 748,927 144,942"/>
        <Baseline points="145,924 750,910"/>
        <TextEquiv>
          <Unicode>viendo entre manos la cosa,</Unicode>
        </TextEquiv>
      </TextLine>

    
    
      <TextLine id="eSc_line_90663c99" >
        <Coords points="140,973 135,944 374,927 376,927 840,932 844,961 842,996 767,986 733,996 727,999 725,999 725,999 725,999 723,999 723,999 706,996 622,986 541,996 489,1003 489,1003 487,1003 487,1003 449,996 424,992 140,994"/>
        <Baseline points="142,974 845,963"/>
        <TextEquiv>
          <Unicode>con mas miedo, que vergüenza,</Unicode>
        </TextEquiv>
      </TextLine>

    
    
      <TextLine id="eSc_line_1f6104b6" >
        <Coords points="140,1019 135,994 273,980 275,980 673,984 677,1011 679,1036 656,1049 656,1049 656,1049 654,1049 654,1049 652,1049 137,1047"/>
        <Baseline points="142,1022 678,1013"/>
        <TextEquiv>
          <Unicode>le dije con la voz ronca,</Unicode>
        </TextEquiv>
      </TextLine>

    
    
      <TextLine id="eSc_line_cdf6e718" >
        <Coords points="135,1084 129,1051 263,1038 263,1038 265,1038 265,1038 317,1047 323,1047 326,1047 336,1036 336,1036 338,1036 338,1036 338,1036 340,1036 340,1036 342,1036 668,1040 673,1074 677,1086 656,1101 654,1101 654,1101 654,1101 652,1101 652,1101 650,1101 650,1101 650,1101 647,1101 618,1093 564,1103 564,1103 564,1103 562,1103 562,1103 474,1093 349,1107 349,1107 346,1107 133,1097"/>
        <Baseline points="137,1086 675,1075"/>
        <TextEquiv>
          <Unicode>cada cual á su negocio,</Unicode>
        </TextEquiv>
      </TextLine>

    
    
      <TextLine id="eSc_line_910f2839" >
        <Coords points="140,1134 133,1101 171,1088 173,1088 173,1088 175,1088 725,1095 729,1132 727,1149 137,1147"/>
        <Baseline points="142,1136 730,1133"/>
        <TextEquiv>
          <Unicode>si no quiere usté camorra:</Unicode>
        </TextEquiv>
      </TextLine>

    
    
      <TextLine id="eSc_line_0b20c479" >
        <Coords points="135,1187 131,1155 704,1145 710,1176 708,1195 135,1205"/>
        <Baseline points="136,1189 711,1178"/>
        <TextEquiv>
          <Unicode>respondió muy mesurado,</Unicode>
        </TextEquiv>
      </TextLine>

    
    
      <TextLine id="eSc_line_ddc74a4b" >
        <Coords points="137,1241 135,1199 639,1201 643,1233 641,1251 137,1256"/>
        <Baseline points="139,1242 644,1234"/>
        <TextEquiv>
          <Unicode>haciendo la socarrona,</Unicode>
        </TextEquiv>
      </TextLine>

    
    
      <TextLine id="eSc_line_bcfbdf3f" >
        <Coords points="152,1297 148,1256 633,1251 639,1285 639,1297 152,1310"/>
        <Baseline points="153,1298 641,1287"/>
        <TextEquiv>
          <Unicode>vayase muy noramala</Unicode>
        </TextEquiv>
      </TextLine>

    
    
      <TextLine id="eSc_line_f5c68538" >
        <Coords points="152,1345 146,1312 179,1297 179,1297 181,1297 181,1297 181,1297 183,1297 183,1297 186,1297 186,1297 215,1308 225,1297 225,1297 227,1297 227,1297 227,1297 229,1297 229,1297 229,1297 232,1297 382,1308 401,1295 403,1295 403,1295 403,1295 405,1295 405,1295 405,1295 407,1295 645,1308 650,1341 647,1360 323,1360 321,1360 300,1371 300,1371 298,1371 298,1371 298,1371 296,1371 150,1360"/>
        <Baseline points="153,1348 652,1342"/>
        <TextEquiv>
          <Unicode>el so patas de pistolas,</Unicode>
        </TextEquiv>
      </TextLine>

    
    
      <TextLine id="eSc_line_d947f8f7" >
        <Coords points="133,1396 131,1350 169,1360 687,1350 693,1391 693,1406 629,1419 629,1419 627,1419 131,1414"/>
        <Baseline points="134,1398 694,1393"/>
        <TextEquiv>
          <Unicode>que si le doy un sopapo,</Unicode>
        </TextEquiv>
      </TextLine>

    
    
      <TextLine id="eSc_line_66ed7f9e" >
        <Coords points="152,1452 150,1404 539,1408 583,1404 685,1394 685,1394 687,1394 687,1394 689,1394 689,1394 689,1394 691,1394 691,1394 706,1404 706,1406 798,1406 802,1442 800,1458 357,1475 355,1475 326,1475 200,1469 154,1479"/>
        <Baseline points="153,1454 803,1443"/>
        <TextEquiv>
          <Unicode>ha de ir à Teluan por Monas,</Unicode>
        </TextEquiv>
      </TextLine>

    
    
      <TextLine id="eSc_line_891793e5" >
        <Coords points="146,1506 142,1471 204,1456 204,1456 204,1456 206,1456 206,1456 209,1456 248,1467 338,1454 338,1454 340,1454 340,1454 432,1465 499,1452 499,1452 499,1452 501,1452 633,1463 698,1450 698,1450 698,1450 700,1450 700,1450 767,1460 781,1450 783,1450 783,1450 783,1450 785,1450 785,1450 788,1450 788,1450 788,1450 790,1450 825,1463 827,1498 827,1515 547,1525 545,1525 545,1525 543,1525 510,1517 499,1515 491,1517 459,1527 457,1527 457,1527 457,1527 455,1527 346,1517 334,1517 323,1517 242,1529 242,1529 240,1529 240,1529 144,1517"/>
        <Baseline points="148,1507 828,1499"/>
        <TextEquiv>
          <Unicode>quien le mete á èl so canique,</Unicode>
        </TextEquiv>
      </TextLine>

    
    
      <TextLine id="eSc_line_dfac960e" >
        <Coords points="144,1554 140,1523 234,1511 234,1511 236,1511 236,1511 313,1519 323,1511 323,1508 323,1508 326,1508 326,1508 326,1508 328,1508 328,1508 328,1508 330,1508 330,1508 403,1519 430,1506 430,1506 430,1506 432,1506 432,1506 434,1506 434,1506 434,1506 436,1506 474,1517 518,1506 520,1506 520,1506 522,1506 725,1519 729,1550 727,1573 144,1575"/>
        <Baseline points="145,1557 730,1551"/>
        <TextEquiv>
          <Unicode>con esas barbas de Mona,</Unicode>
        </TextEquiv>
      </TextLine>

    
    
      <TextLine id="eSc_line_b974ad74" >
        <Coords points="158,1615 156,1569 658,1569 662,1605 662,1628 158,1628"/>
        <Baseline points="159,1616 664,1607"/>
        <TextEquiv>
          <Unicode>cara de caranta maula,</Unicode>
        </TextEquiv>
      </TextLine>

    
    
      <TextLine id="eSc_line_43ce7268" >
        <Coords points="158,1665 152,1630 181,1615 181,1615 181,1615 183,1615 183,1615 186,1615 186,1615 275,1626 296,1613 298,1613 298,1613 300,1613 300,1613 300,1613 303,1613 303,1613 305,1613 305,1613 305,1613 307,1613 307,1613 307,1615 315,1623 336,1613 336,1613 336,1613 338,1613 338,1613 338,1613 340,1613 451,1621 461,1613 461,1611 461,1611 464,1611 464,1611 464,1611 466,1611 466,1611 468,1611 468,1611 572,1623 576,1659 576,1669 158,1676"/>
        <Baseline points="159,1666 577,1660"/>
        <TextEquiv>
          <Unicode>narices de paviota,</Unicode>
        </TextEquiv>
      </TextLine>

    
    
      <TextLine id="eSc_line_58aa953e" >
        <Coords points="163,1717 154,1682 169,1669 169,1669 171,1669 171,1669 171,1669 173,1669 173,1669 173,1669 175,1669 307,1676 319,1676 321,1676 340,1663 342,1663 342,1663 344,1663 344,1663 344,1663 346,1663 346,1663 346,1663 392,1672 403,1674 409,1672 430,1661 430,1661 430,1661 432,1661 432,1661 434,1661 434,1661 482,1667 507,1672 547,1665 583,1659 583,1659 583,1659 585,1659 585,1659 608,1663 637,1667 645,1661 650,1657 650,1657 652,1657 652,1657 654,1657 654,1657 654,1657 656,1657 656,1657 658,1657 668,1659 702,1667 792,1655 798,1703 798,1720 163,1732"/>
        <Baseline points="164,1719 800,1705"/>
        <TextEquiv>
          <Unicode>en guardar Damas de Corte?</Unicode>
        </TextEquiv>
      </TextLine>

    
    
      <TextLine id="eSc_line_f74f77b4" >
        <Coords points="152,1768 148,1722 800,1724 804,1761 800,1784 150,1782"/>
        <Baseline points="153,1769 806,1763"/>
        <TextEquiv>
          <Unicode>Mire usted, que cosi, y cosa,</Unicode>
        </TextEquiv>
      </TextLine>

    
    
      <TextLine id="eSc_line_53e5763c" >
        <Coords points="152,1818 148,1778 823,1774 829,1812 829,1826 589,1841 587,1841 150,1832"/>
        <Baseline points="153,1819 831,1814"/>
        <TextEquiv>
          <Unicode>que si le agarro en mis manos</Unicode>
        </TextEquiv>
      </TextLine>

    
    
      <TextLine id="eSc_line_c9c96868" >
        <Coords points="154,1874 152,1826 353,1835 380,1828 399,1822 401,1822 401,1822 401,1822 403,1822 403,1822 405,1822 405,1822 405,1822 407,1822 407,1822 413,1828 422,1835 530,1835 537,1828 545,1822 545,1822 547,1822 547,1822 547,1822 549,1822 549,1822 551,1822 551,1822 629,1830 639,1830 645,1830 706,1820 706,1820 708,1820 708,1820 708,1820 775,1832 779,1868 777,1881 154,1889"/>
        <Baseline points="156,1875 781,1869"/>
        <TextEquiv>
          <Unicode>le he de echar como pelota.</Unicode>
        </TextEquiv>
      </TextLine>

    
    
      <TextLine id="eSc_line_85a3a726" >
        <Coords points="150,1920 146,1887 179,1874 179,1874 181,1874 181,1874 183,1874 183,1874 183,1874 186,1874 219,1885 221,1885 225,1885 275,1874 275,1874 275,1874 278,1874 278,1874 280,1874 280,1874 280,1874 296,1883 300,1885 311,1883 344,1874 346,1874 346,1874 349,1874 349,1874 349,1874 351,1874 351,1874 351,1874 353,1874 363,1881 369,1885 735,1874 737,1920 737,1937 150,1937"/>
        <Baseline points="151,1922 739,1922"/>
        <TextEquiv>
          <Unicode>Yo viendome en lance tal,</Unicode>
        </TextEquiv>
      </TextLine>

    
    
      <TextLine id="eSc_line_04a08a94" >
        <Coords points="163,1983 160,1935 313,1941 334,1935 344,1931 344,1931 346,1931 346,1931 349,1931 349,1931 349,1931 351,1931 351,1931 361,1935 380,1941 464,1935 576,1926 579,1926 579,1926 579,1926 581,1926 581,1926 581,1926 583,1926 595,1935 597,1937 599,1935 627,1924 627,1924 629,1924 629,1924 629,1924 631,1924 631,1924 712,1937 716,1972 716,1983 693,1995 693,1995 693,1995 691,1995 691,1995 691,1995 689,1995 689,1995 631,1987 616,1985 556,1989 441,2000 441,2000 438,2000 392,1998 313,1991 282,2002 273,2004 271,2004 271,2004 271,2004 269,2004 269,2004 259,2002 209,1993 165,2006"/>
        <Baseline points="164,1984 717,1975"/>
        <TextEquiv>
          <Unicode>le dije, de aquesta forma,</Unicode>
        </TextEquiv>
      </TextLine>

    
    
      <TextLine id="eSc_line_04955924" >
        <Coords points="158,2029 154,1995 292,1993 305,1981 305,1981 307,1981 307,1981 307,1981 309,1981 309,1981 311,1981 773,1987 777,2021 781,2035 760,2048 758,2048 758,2048 758,2048 756,2048 756,2048 756,2050 158,2050"/>
        <Baseline points="159,2031 778,2023"/>
        <TextEquiv>
          <Unicode>vaya el muy desvergonzado,</Unicode>
        </TextEquiv>
      </TextLine>

    
    
      <TextLine id="eSc_line_99a07fe1" >
        <Coords points="154,2083 148,2052 765,2039 771,2071 771,2085 652,2100 652,2100 650,2100 495,2094 464,2104 464,2104 461,2104 461,2104 459,2104 152,2098"/>
        <Baseline points="156,2084 772,2073"/>
        <TextEquiv>
          <Unicode>que es un picaro sin honra:</Unicode>
        </TextEquiv>
      </TextLine>

    
    
      <TextLine id="eSc_line_0a5b5197" >
        <Coords points="150,2138 144,2104 261,2090 261,2090 263,2090 263,2090 313,2098 321,2098 334,2098 428,2085 428,2085 430,2085 430,2085 472,2092 493,2096 725,2085 731,2125 729,2142 441,2158 438,2158 148,2154"/>
        <Baseline points="151,2140 733,2126"/>
        <TextEquiv>
          <Unicode>asi que oyó estas razones,</Unicode>
        </TextEquiv>
      </TextLine>

    
    
      <TextLine id="eSc_line_05dbce80" >
        <Coords points="160,2188 156,2152 831,2138 838,2175 838,2194 160,2211"/>
        <Baseline points="162,2190 839,2176"/>
        <TextEquiv>
          <Unicode>me embistió, como una Onza,</Unicode>
        </TextEquiv>
      </TextLine>

    
    
      <TextLine id="eSc_line_a5fd336e" >
        <Coords points="152,2244 148,2209 290,2192 290,2192 292,2192 415,2202 434,2190 436,2190 436,2190 436,2190 438,2190 438,2190 441,2190 441,2190 441,2190 443,2190 480,2200 558,2190 558,2190 560,2190 560,2190 560,2190 562,2190 562,2190 564,2190 564,2190 579,2200 677,2188 677,2188 679,2188 679,2188 679,2188 681,2188 721,2200 723,2236 721,2269 533,2267 524,2276 520,2278 520,2280 520,2280 518,2280 518,2280 518,2280 516,2280 516,2280 516,2280 428,2282 426,2282 392,2280 307,2269 278,2282 271,2284 271,2284 269,2284 269,2284 269,2286 152,2286"/>
        <Baseline points="153,2246 725,2237"/>
        <TextEquiv>
          <Unicode>y á palos, y á punta pies,</Unicode>
        </TextEquiv>
      </TextLine>

    
    
      <TextLine id="eSc_line_d2943087" >
        <Coords points="854,332 850,284 1208,284 1214,280 1235,265 1237,265 1237,265 1237,265 1239,265 1239,265 1239,265 1241,265 1402,277 1406,317 1404,336 854,351"/>
        <Baseline points="856,333 1408,319"/>
        <TextEquiv>
          <Unicode>bajé con grande zozobra</Unicode>
        </TextEquiv>
      </TextLine>

    
    
      <TextLine id="eSc_line_02bde544" >
        <Coords points="861,384 857,353 961,338 961,338 963,338 963,338 963,338 1005,346 1007,346 1007,346 1022,336 1024,336 1024,336 1024,336 1026,336 1026,336 1026,336 1028,336 1028,336 1078,344 1082,344 1084,344 1097,334 1097,334 1099,334 1099,334 1099,334 1101,334 1101,334 1103,334 1394,334 1398,369 1398,392 861,413"/>
        <Baseline points="862,386 1400,372"/>
        <TextEquiv>
          <Unicode>por el genchidero abajo,</Unicode>
        </TextEquiv>
      </TextLine>

    
    
      <TextLine id="eSc_line_3b4109e4" >
        <Coords points="861,434 857,401 1038,388 1040,388 1040,388 1097,397 1099,397 1099,397 1122,386 1122,386 1122,386 1124,386 1124,386 1124,386 1126,386 1237,395 1237,395 1237,395 1258,384 1258,384 1258,384 1260,384 1260,384 1260,384 1262,384 1394,395 1398,426 1396,445 861,455"/>
        <Baseline points="862,436 1400,428"/>
        <TextEquiv>
          <Unicode>me llevaba de tal forma,</Unicode>
        </TextEquiv>
      </TextLine>

    
    
      <TextLine id="eSc_line_6ecd6257" >
        <Coords points="863,491 859,453 1452,428 1454,428 1454,428 1546,438 1550,476 1550,501 863,514"/>
        <Baseline points="864,492 1553,478"/>
        <TextEquiv>
          <Unicode>que huyendo por los Pelambres</Unicode>
        </TextEquiv>
      </TextLine>

    
    
      <TextLine id="eSc_line_ae32263a" >
        <Coords points="863,547 859,509 940,497 940,497 942,497 1084,503 1097,503 1099,503 1112,493 1112,493 1114,493 1114,493 1114,493 1116,493 1116,493 1118,493 1118,493 1118,493 1166,501 1178,491 1178,491 1180,491 1180,491 1180,491 1183,491 1183,491 1185,491 1425,497 1429,532 1429,553 863,570"/>
        <Baseline points="864,548 1430,534"/>
        <TextEquiv>
          <Unicode>y él detras dandome soga</Unicode>
        </TextEquiv>
      </TextLine>

    
    
      <TextLine id="eSc_line_6ee9a8e3" >
        <Coords points="863,591 859,562 959,547 959,547 961,547 1463,549 1467,578 1467,597 863,610"/>
        <Baseline points="864,592 1469,581"/>
        <TextEquiv>
          <Unicode>caí en un pozo de aquellos;</Unicode>
        </TextEquiv>
      </TextLine>

    
    
      <TextLine id="eSc_line_1053eed4" >
        <Coords points="857,649 848,612 879,599 879,599 882,599 882,599 884,599 884,599 978,610 990,610 1009,610 1164,595 1166,595 1166,595 1166,595 1214,606 1218,606 1220,606 1285,593 1285,593 1285,593 1287,593 1436,604 1440,641 1440,656 857,672"/>
        <Baseline points="859,651 1441,643"/>
        <TextEquiv>
          <Unicode>él se escapò, como Mosca,</Unicode>
        </TextEquiv>
      </TextLine>

    
    
      <TextLine id="eSc_line_ba078110" >
        <Coords points="861,700 854,668 902,656 905,656 905,656 907,656 907,656 967,664 978,656 978,654 978,654 980,654 980,654 980,654 982,654 982,654 984,654 1341,660 1346,691 1346,714 861,718"/>
        <Baseline points="862,701 1347,693"/>
        <TextEquiv>
          <Unicode>y dando una risotada,</Unicode>
        </TextEquiv>
      </TextLine>

    
    
      <TextLine id="eSc_line_6f57f149" >
        <Coords points="869,752 861,718 884,704 886,704 886,704 886,704 888,704 888,704 890,704 890,704 971,714 984,704 984,702 984,702 986,702 986,702 986,702 988,702 988,702 990,702 990,702 990,702 1043,712 1043,712 1043,712 1097,702 1097,702 1097,702 1099,702 1099,702 1099,702 1137,710 1137,710 1137,710 1147,702 1147,700 1147,700 1149,700 1149,700 1149,700 1151,700 1151,700 1151,700 1153,700 1153,700 1155,700 1187,708 1195,710 1214,708 1275,698 1275,698 1277,698 1429,702 1433,741 1433,756 869,767"/>
        <Baseline points="870,754 1436,743"/>
        <TextEquiv>
          <Unicode>dijo: Dios te de su Gloria.</Unicode>
        </TextEquiv>
      </TextLine>

    
    
      <TextLine id="eSc_line_76b4a47a" >
        <Coords points="869,802 869,758 913,769 1020,758 1040,758 1043,758 1043,758 1066,760 1135,767 1147,760 1166,752 1166,752 1166,752 1168,752 1168,752 1170,752 1170,752 1170,752 1172,752 1206,760 1216,764 1222,762 1241,752 1241,752 1241,752 1243,752 1243,752 1243,752 1350,750 1352,750 1352,750 1354,750 1410,764 1413,794 1410,813 1277,825 1275,825 867,821"/>
        <Baseline points="870,804 1414,796"/>
        <TextEquiv>
          <Unicode>Yo me puse chorreando,</Unicode>
        </TextEquiv>
      </TextLine>

    
    
      <TextLine id="eSc_line_9326fd32" >
        <Coords points="869,858 867,815 1360,817 1364,850 1367,863 1339,877 1339,877 1339,877 1337,877 1337,877 1337,877 1335,877 1335,877 1256,867 1239,879 1239,879 1237,879 1237,879 1237,879 1235,879 1235,879 1233,879 1233,879 1153,869 1143,869 1139,869 1109,881 1109,881 1107,881 1107,881 1105,881 867,877"/>
        <Baseline points="870,860 1366,852"/>
        <TextEquiv>
          <Unicode>todito hecho una sopa,</Unicode>
        </TextEquiv>
      </TextLine>

    
    
      <TextLine id="eSc_line_17ff1f32" >
        <Coords points="871,909 869,869 1314,869 1318,900 1316,921 871,927"/>
        <Baseline points="873,910 1319,902"/>
        <TextEquiv>
          <Unicode>no era esto lo peor,</Unicode>
        </TextEquiv>
      </TextLine>

    
    
      <TextLine id="eSc_line_cd81b266" >
        <Coords points="877,957 873,925 934,913 934,913 934,913 936,913 1074,921 1091,911 1093,911 1093,911 1093,911 1095,911 1095,911 1097,911 1097,911 1097,911 1099,911 1099,911 1126,921 1262,921 1300,909 1302,909 1302,909 1302,909 1304,909 1502,921 1507,953 1502,986 875,980"/>
        <Baseline points="878,958 1508,955"/>
        <TextEquiv>
          <Unicode>sino que el agua está honda,</Unicode>
        </TextEquiv>
      </TextLine>

    
    
      <TextLine id="eSc_line_20839fb0" >
        <Coords points="879,1009 875,980 1421,971 1427,1003 1425,1022 879,1028"/>
        <Baseline points="881,1011 1428,1005"/>
        <TextEquiv>
          <Unicode>y yo no alcanzaba arriba</Unicode>
        </TextEquiv>
      </TextLine>

    
    
      <TextLine id="eSc_line_6fb4945d" >
        <Coords points="865,1065 859,1036 1220,1017 1222,1017 1406,1024 1410,1053 1415,1072 1396,1084 1394,1084 1394,1084 1394,1084 1392,1084 1392,1084 1392,1084 1390,1084 1266,1076 1185,1088 1185,1088 1183,1088 1183,1088 1183,1088 1180,1088 1151,1078 1141,1088 1141,1088 1139,1088 1139,1088 1139,1088 1137,1088 1137,1088 1137,1088 1135,1088 1135,1088 1070,1082 955,1095 955,1095 953,1095 953,1095 863,1082"/>
        <Baseline points="867,1066 1411,1055"/>
        <TextEquiv>
          <Unicode>á agarrarme de la boca,</Unicode>
        </TextEquiv>
      </TextLine>

    
    
      <TextLine id="eSc_line_f1a8e184" >
        <Coords points="877,1113 877,1086 1080,1086 1095,1074 1095,1074 1097,1074 1097,1074 1097,1074 1099,1074 1099,1074 1101,1074 1101,1074 1101,1074 1158,1084 1375,1074 1377,1074 1377,1074 1377,1074 1379,1074 1415,1086 1413,1113 1415,1130 1385,1143 1385,1143 1383,1143 1383,1143 1383,1143 1381,1143 1381,1143 1379,1143 1379,1143 1379,1143 1377,1143 1358,1132 1358,1132 1237,1132 1235,1132 1226,1141 1226,1143 1226,1143 1224,1143 1224,1143 1224,1143 1222,1143 1222,1143 1220,1143 1220,1143 1220,1143 1170,1134 1160,1132 1147,1134 1101,1143 1101,1143 1101,1145 1099,1143 1099,1143 1059,1134 1043,1132 1032,1136 1013,1143 1013,1143 1011,1143 1011,1143 1009,1143 875,1136"/>
        <Baseline points="878,1114 1414,1114"/>
        <TextEquiv>
          <Unicode>conque todo era arañar,</Unicode>
        </TextEquiv>
      </TextLine>

    
    
      <TextLine id="eSc_line_ae050a78" >
        <Coords points="873,1168 871,1132 1362,1134 1367,1162 1367,1180 873,1197"/>
        <Baseline points="875,1170 1369,1164"/>
        <TextEquiv>
          <Unicode>y gatear como mona:</Unicode>
        </TextEquiv>
      </TextLine>

    
    
      <TextLine id="eSc_line_d13d48ae" >
        <Coords points="882,1220 877,1193 940,1191 953,1178 953,1176 953,1176 955,1176 955,1176 955,1176 957,1176 957,1176 959,1176 959,1176 959,1176 961,1176 961,1176 961,1176 986,1189 1162,1189 1172,1174 1174,1174 1174,1172 1174,1172 1176,1172 1176,1172 1176,1172 1178,1172 1178,1172 1180,1172 1180,1172 1287,1182 1436,1170 1436,1170 1438,1170 1438,1170 1440,1170 1440,1170 1479,1185 1481,1212 1484,1231 1461,1243 1461,1243 1461,1243 1458,1243 1458,1243 1456,1243 879,1241"/>
        <Baseline points="884,1222 1483,1214"/>
        <TextEquiv>
          <Unicode>en fin, yo ya iba subiendo,</Unicode>
        </TextEquiv>
      </TextLine>

    
    
      <TextLine id="eSc_line_23fd81eb" >
        <Coords points="882,1274 877,1239 1442,1233 1448,1266 1446,1285 882,1304"/>
        <Baseline points="884,1275 1450,1267"/>
        <TextEquiv>
          <Unicode>y al echar mano á la boca</Unicode>
        </TextEquiv>
      </TextLine>

    
    
      <TextLine id="eSc_line_d0c719cb" >
        <Coords points="882,1327 877,1295 1030,1293 1032,1291 1057,1279 1057,1279 1057,1279 1059,1279 1059,1279 1061,1279 1160,1279 1160,1279 1160,1279 1162,1279 1162,1279 1162,1279 1164,1279 1164,1279 1164,1281 1174,1289 1233,1276 1233,1276 1233,1276 1235,1276 1235,1276 1235,1276 1289,1287 1291,1287 1295,1287 1415,1274 1415,1274 1417,1274 1509,1285 1513,1318 1513,1337 1354,1352 1352,1352 879,1350"/>
        <Baseline points="884,1329 1514,1320"/>
        <TextEquiv>
          <Unicode>me escurri, y caí de espaldas</Unicode>
        </TextEquiv>
      </TextLine>

    
    
      <TextLine id="eSc_line_98fcea02" >
        <Coords points="886,1383 882,1354 1400,1337 1406,1371 1406,1398 886,1408"/>
        <Baseline points="887,1384 1408,1373"/>
        <TextEquiv>
          <Unicode>otra vez sobre la broza,</Unicode>
        </TextEquiv>
      </TextLine>

    
    
      <TextLine id="eSc_line_64d3ed74" >
        <Coords points="877,1435 871,1396 1348,1389 1354,1425 1354,1444 877,1454"/>
        <Baseline points="878,1437 1355,1426"/>
        <TextEquiv>
          <Unicode>me encaniculé todito,</Unicode>
        </TextEquiv>
      </TextLine>

    
    
      <TextLine id="eSc_line_6c4c4a54" >
        <Coords points="886,1488 882,1450 938,1437 938,1437 938,1437 940,1437 940,1437 942,1437 942,1437 942,1437 944,1437 957,1448 959,1448 965,1446 1007,1437 1007,1437 1007,1437 1009,1437 1009,1437 1009,1437 1011,1437 1011,1437 1028,1446 1036,1448 1170,1448 1191,1442 1210,1435 1212,1435 1212,1435 1214,1435 1214,1435 1214,1435 1216,1435 1231,1440 1249,1446 1272,1437 1287,1433 1289,1433 1289,1433 1289,1433 1291,1433 1341,1437 1440,1444 1492,1433 1498,1481 1498,1500 886,1511"/>
        <Baseline points="887,1490 1500,1482"/>
        <TextEquiv>
          <Unicode>pelo, barba, y á un la boca:</Unicode>
        </TextEquiv>
      </TextLine>

    
    
      <TextLine id="eSc_line_0302a905" >
        <Coords points="882,1538 873,1508 900,1492 902,1492 902,1492 902,1492 905,1492 905,1492 907,1492 907,1492 907,1492 909,1492 909,1492 938,1506 1047,1506 1076,1490 1076,1490 1076,1490 1078,1490 1078,1490 1078,1490 1080,1490 1080,1490 1080,1490 1082,1490 1124,1502 1199,1490 1199,1490 1201,1490 1201,1490 1201,1490 1203,1490 1243,1502 1277,1488 1277,1488 1279,1488 1279,1488 1279,1488 1281,1488 1429,1502 1433,1531 1433,1557 882,1557"/>
        <Baseline points="884,1540 1436,1532"/>
        <TextEquiv>
          <Unicode>de veras clamaba á Dios,</Unicode>
        </TextEquiv>
      </TextLine>

    
    
      <TextLine id="eSc_line_ef3845b2" >
        <Coords points="888,1592 884,1557 1486,1546 1492,1577 1492,1596 1404,1611 1404,1611 1404,1613 888,1613"/>
        <Baseline points="889,1593 1494,1579"/>
        <TextEquiv>
          <Unicode>que el estoraque me ahoga,</Unicode>
        </TextEquiv>
      </TextLine>

    
    
      <TextLine id="eSc_line_3563cc08" >
        <Coords points="886,1646 882,1607 1567,1596 1573,1634 1571,1665 1344,1659 1091,1676 1089,1676 1086,1676 1086,1676 1086,1676 1007,1665 886,1680"/>
        <Baseline points="887,1649 1575,1635"/>
        <TextEquiv>
          <Unicode>vino un hombre, que fuéun Angel</Unicode>
        </TextEquiv>
      </TextLine>

    
    
      <TextLine id="eSc_line_0a7c425e" >
        <Coords points="875,1697 869,1665 928,1653 928,1653 928,1653 930,1653 930,1653 932,1653 932,1653 932,1653 955,1663 955,1663 957,1663 1022,1653 1022,1653 1024,1653 1024,1653 1095,1663 1105,1663 1112,1663 1160,1651 1162,1651 1162,1651 1164,1651 1385,1661 1390,1692 1387,1711 875,1724"/>
        <Baseline points="876,1699 1391,1694"/>
        <TextEquiv>
          <Unicode>me sacó con una soga,</Unicode>
        </TextEquiv>
      </TextLine>

    
    
      <TextLine id="eSc_line_f21f06ea" >
        <Coords points="882,1753 879,1711 1308,1711 1316,1709 1373,1699 1373,1699 1375,1699 1375,1699 1461,1709 1465,1745 1463,1761 1026,1776 1024,1776 1009,1776 932,1768 882,1778"/>
        <Baseline points="884,1755 1467,1747"/>
        <TextEquiv>
          <Unicode>yo le di cuatro mil gracias,</Unicode>
        </TextEquiv>
      </TextLine>

    
    
      <TextLine id="eSc_line_c8af761a" >
        <Coords points="882,1803 877,1768 1231,1755 1233,1755 1450,1766 1454,1799 1452,1814 882,1830"/>
        <Baseline points="884,1805 1455,1800"/>
        <TextEquiv>
          <Unicode>me dijo, vaya usted ahora</Unicode>
        </TextEquiv>
      </TextLine>

    
    
      <TextLine id="eSc_line_d87ee08f" >
        <Coords points="888,1853 884,1818 1392,1816 1398,1845 1396,1868 888,1876"/>
        <Baseline points="889,1855 1400,1847"/>
        <TextEquiv>
          <Unicode>á su casa á desnudarse,</Unicode>
        </TextEquiv>
      </TextLine>

    
    
      <TextLine id="eSc_line_a0d87082" >
        <Coords points="879,1910 875,1864 1356,1868 1360,1903 1360,1916 879,1926"/>
        <Baseline points="881,1911 1361,1906"/>
        <TextEquiv>
          <Unicode>lavese bien esa ropa;</Unicode>
        </TextEquiv>
      </TextLine>

    
    
      <TextLine id="eSc_line_e70c2074" >
        <Coords points="879,1962 875,1922 915,1914 915,1914 915,1914 917,1914 917,1914 919,1914 919,1914 938,1922 953,1926 971,1922 1001,1914 1003,1914 1003,1914 1005,1914 1005,1914 1005,1914 1007,1914 1007,1914 1026,1922 1032,1924 1034,1922 1043,1914 1043,1912 1043,1912 1045,1912 1045,1912 1045,1912 1047,1912 1047,1912 1049,1912 1099,1912 1099,1912 1099,1912 1101,1912 1139,1922 1143,1922 1145,1922 1160,1910 1162,1910 1162,1910 1162,1910 1164,1910 1164,1910 1164,1910 1166,1910 1166,1910 1166,1910 1168,1910 1168,1910 1170,1910 1170,1910 1170,1910 1183,1922 1185,1924 1226,1924 1229,1922 1245,1908 1245,1908 1247,1908 1247,1908 1247,1908 1249,1908 1249,1908 1252,1908 1252,1908 1352,1922 1356,1954 1356,1968 1235,1981 1235,1981 1233,1981 1137,1972 1132,1972 1132,1972 1120,1983 1120,1983 1118,1983 1118,1983 1118,1983 1116,1983 1116,1983 1116,1983 1114,1983 877,1975"/>
        <Baseline points="881,1964 1358,1956"/>
        <TextEquiv>
          <Unicode>llenito todo de caldo,</Unicode>
        </TextEquiv>
      </TextLine>

    
    
      <TextLine id="eSc_line_1841c22b" >
        <Coords points="886,2016 884,1972 1017,1977 1036,1972 1061,1964 1063,1964 1063,1964 1063,1964 1066,1964 1066,1964 1068,1964 1097,1972 1114,1975 1141,1972 1214,1962 1214,1962 1216,1962 1216,1962 1268,1972 1277,1972 1285,1972 1329,1960 1331,1960 1331,1960 1333,1960 1333,1960 1427,1972 1431,2008 1429,2023 886,2031"/>
        <Baseline points="887,2017 1433,2009"/>
        <TextEquiv>
          <Unicode>y chorreando la esponja,</Unicode>
        </TextEquiv>
      </TextLine>

    
    
      <TextLine id="eSc_line_f1f81674" >
        <Coords points="879,2064 877,2025 1097,2027 1105,2025 1126,2014 1126,2014 1128,2014 1128,2014 1128,2014 1130,2014 1130,2014 1132,2014 1170,2025 1183,2027 1191,2025 1210,2014 1210,2014 1210,2014 1212,2014 1212,2014 1214,2014 1214,2014 1285,2025 1298,2025 1302,2025 1329,2010 1329,2010 1329,2010 1331,2010 1331,2010 1333,2010 1333,2010 1333,2010 1335,2010 1335,2010 1335,2010 1337,2010 1356,2025 1433,2025 1438,2054 1438,2085 879,2085"/>
        <Baseline points="881,2067 1439,2056"/>
        <TextEquiv>
          <Unicode>he llegado hasta mi Casa,</Unicode>
        </TextEquiv>
      </TextLine>

    
    
      <TextLine id="eSc_line_9dfc613f" >
        <Coords points="890,2115 886,2079 1500,2071 1507,2110 1504,2129 890,2133"/>
        <Baseline points="892,2117 1508,2112"/>
        <TextEquiv>
          <Unicode>dejando rastro, y á un soga.</Unicode>
        </TextEquiv>
      </TextLine>

    
    
      <TextLine id="eSc_line_2325edf0" >
        <Coords points="890,2167 886,2133 1308,2121 1310,2121 1509,2131 1513,2163 1511,2186 890,2194"/>
        <Baseline points="892,2168 1514,2165"/>
        <TextEquiv>
          <Unicode>Esta es mi historia, Señores,</Unicode>
        </TextEquiv>
      </TextLine>

    
    
      <TextLine id="eSc_line_7dcdc31d" >
        <Coords points="888,2225 882,2186 1490,2179 1496,2217 1494,2246 1348,2238 888,2255"/>
        <Baseline points="889,2226 1497,2218"/>
        <TextEquiv>
          <Unicode>Señoras, esta es mi historia,</Unicode>
        </TextEquiv>
      </TextLine>

    
    </TextRegion>
    
  </Page>
</PcGts>
