1684 2475
707 121 736 198 3
16 171 561 245 sin mirar que estos arrojos
14 226 503 303 Dios los castiga severo,
14 286 586 354 y que puede ser que al fin
16 336 561 404 lo pague para escarmiento
16 387 513 459 con temporales castigos,
18 451 505 511 cuando no sean eternos,
23 506 609 562 Y una noche, cuyas sombras
20 550 480 616 ayudaron sus intentos,
20 602 528 670 lomaron los dos amantes
20 651 474 726 fuga en el vajél lijero,
16 705 592 779 que álas le prestaba el aire
20 767 536 829 en el mar de sus deseos:
20 810 528 880 cual otro Paris Troya no,
18 860 614 934 que á Elena robó del Griego.
24 917 581 987 Mas en medio de este gozo,
22 969 532 1041 de la noche en el sileció,
24 1029 526 1095 se levantó una tormenta
26 1078 505 1142 en aquel golfo soberbio
22 1134 520 1204 que las olas de Nepluno
24 1190 590 1254 dan con la nave en el cielo;
24 1235 569 1313 porque enojadas las ondas
22 1287 532 1359 ya bajando, ya subiendo,
24 1340 330 1410 al azotado vajcl
26 1400 557 1466 descuadernaban los leños,
26 1449 586 1520 y bramando el mar furioso
28 1499 544 1569 les quiso dar monumento
30 1553 563 1621 en sus quebrados cristales
26 1617 557 1676 como á Leandro y á Ero.
0 1673 505 1729 Mlízose el vajél pedazos
26 1718 517 1790 á la furia do los vientos,
24 1771 495 1839 y á la fuerza de las olas
26 1817 555 1885 el mar salió de su centro.
26 1868 596 1944 Fluctuando entre las aguas,
30 1924 507 1994 asidos á un frágil leño,
30 1986 517 2048 sobre la fé de una tabla
28 2031 544 2095 los dos amantes salieron,
37 2089 522 2153 de milagro, á las orillas
33 2138 536 2215 de dominios estrangeros,
35 2192 612 2283 como monstruos de fortuna,
736 162 1258 241 pues de furtuna vivieron.
742 224 1221 290 Besan la mojada arena,
742 276 1337 348 donde allí los dos se vieron;
740 336 1192 398 ella Nereida del agua,
738 375 1287 447 él Tritón del mar soberbio.
747 433 1329 503 Después de aquesta tragedia
745 488 1242 554 dándole gracias al cielo,
745 536 1312 612 de haberles de ella librado,
742 594 1293 678 llegan con gusto y contento
747 647 1172 713 á Nápoles la famosa;
749 699 1236 773 donde se casaron luogo,
745 750 1203 833 y de himenéo gozaron
747 812 1217 876 el logro de sus deseos.
749 864 1153 930 De este matrimonio
749 915 1192 981 tuvieron un hijo bello
749 963 1296 1035 á quien Julián le llamaron
749 1020 1263 1089 en el bautismo supremo.
753 1072 1190 1142 Criáronle santamente
751 1126 1293 1198 con educación y egemplo.
751 1177 1355 1245 Llegó á edad do quince años,
751 1231 1362 1303 dando á entender el mancebo
753 1289 1242 1353 en la lucha y en la caza
753 1342 1254 1406 el valor y el ardimiento.
755 1388 1229 1462 Saliendo á cazar un dia
749 1449 1279 1520 por unos montes espesos,
751 1507 1296 1565 en medio de una montaña,
753 1546 1289 1619 contento divisó un Ciervo,
751 1596 1215 1670 que veloz le penetraba
757 1656 1267 1728 á competencia del viento:
757 1709 1236 1775 síguele con la escopeta,
755 1761 1378 1831 haciendo en matcrle empeñó,
755 1815 1285 1885 huyele el Ciervo acosado,
755 1862 1339 1944 y el joven lo iba siguiendo,
749 1920 1227 2000 porfiando en el alcance
751 1977 1281 2052 para matarle al momento.
757 2029 1229 2095 Pero viéndose apretado
757 2083 1263 2145 el bruto montaráz, luego
755 2128 1215 2208 paró su veíóz carrera,
767 2196 1302 2270 se encaró con el mancebo,
