1765 2512
115 184 699 249 tae unos cazones e colo e rosa.
211 226 485 290 —Fasica.—Señó.
125 270 512 337 —Qué tienes.—Caló.
167 311 665 383 —Que no te arrime a fuego,
131 357 632 435 que te hará un chicharon.
165 433 697 508 Maria Fasica se quiée casá,
127 483 636 561 pide lisensia, y su amo dá;
129 531 563 598 no tiene ropa tiene ná,
131 567 644 642 Maria Fasica se quiée casá.
418 659 531 726 CORO.
184 747 615 824 Si viri viri corona etc.
182 820 688 902 Biyete grande que yo jugá,
148 883 563 950 la lotería me vá tocá;
146 914 709 998 mi su amo branco me vá robá
144 971 632 1055 poque me dise no tabajá.
439 1057 552 1113 CORO.
198 1136 646 1216 Si viri viri corona, etc.
200 1232 707 1304 Cochino gande que yo criá,
161 1272 690 1348 la mayorola me lo há quitá;
161 1322 676 1392 pobe cochino, pobe animá,
165 1362 688 1442 qué de tabajo no vá á pasá.
464 1452 569 1515 CORO.
209 1532 646 1611 Si viri viri corona, etc.
219 1618 778 1695 Yo vá la compa, yo va la má,
173 1664 709 1745 mi su amo dise que vá sobá:
177 1718 770 1785 ahora ota cosa, ahora ota cosa,
171 1760 657 1837 luego me manda a cafetá.
477 1844 575 1913 CORO.
226 1927 682 2007 Si viri viri corona, etc,
226 2011 676 2084 Oye Fasica, oye Fasica,
190 2051 812 2141 po qué á tu nego no quiés habá?
188 2107 822 2187 po qué demoño, po qué demoño,
184 2145 778 2258 po qué conmigo no quié bailá?
1122 169 1241 215 CORO.
889 234 1350 320 Si viri viri corona, etc.
891 311 1415 391 Yo vá lotero, yo vá lotero,
856 372 1319 447 y le biyete le vá enseñá;
852 418 1396 489 y me lo mira, y me lo mira,
852 466 1365 540 e me reponde que no pagá.
1153 552 1258 617 CORO.
896 623 1356 709 Si viri viri corona, etc.
900 707 1432 789 Pobe neguito, qué tite etá,
870 770 1409 841 tabaja mucho y no gana ná;
864 808 1383 885 pobe neguito, qué tite está,
877 854 1371 944 su mismo amo le etá robá.
1170 939 1272 1006 CORO.
923 1013 1561 1101 Si viri viri corona in quan quan,
879 1075 1229 1147 si viri viri qui ley,
883 1122 1281 1186 si viri viri qui negui.
885 1161 1390 1232 fuali blanqui está endiablá.
929 1205 1522 1272 Mamita, qué querrá ete hombe,
889 1245 1442 1320 qué duce etá la buena guaná!
896 1299 1325 1364 que me tira de la saya,
898 1327 1473 1413 qué duce está la buena guaná!
889 1385 1327 1459 y dice que no me vaya,
896 1419 1473 1498 qué duce está la buena guaná!
896 1475 1314 1542 si no le doy la papaya:
902 1505 1463 1586 qué duce etá la buena guaná!
942 1553 1469 1630 A la guaná duce y asucará:
896 1603 1450 1668 que chupa, rechupa y chupa,
906 1641 1453 1716 qué duce etá la buena guaná!
896 1691 1450 1762 y cuanto mas chupa y chupa,
906 1731 1476 1804 rechupa y chupa y no saca ná.
946 1775 1488 1840 Mi neguito vino é las Indias,
910 1819 1375 1890 toito venia yenito e tiña;
900 1865 1484 1936 mi neguito paque lo conoscas,
912 1904 1497 1974 tae unos cazones e coló e rosa.
996 1950 1275 2017 —Fasica.—Señó.
919 1999 1316 2061 —Qué tienes?—Caló.
954 2038 1457 2110 —Que no te arrime á fuego,
917 2084 1417 2158 que te hará un chicharon.
