1680 2436
225 125 247 192 8
117 176 633 237 de las perlas que sus ojos
119 221 607 294 derramaban bulliciosas,
119 263 607 339 y llegándose bien cerca,
123 308 583 379 le dice, blanca paloma,
115 359 589 430 tén animo, dueño mio,
121 466 639 531 que mi fortuna dichosa
121 519 619 584 á tus plantas me lia traido
125 570 611 635 para aliviar tus congojas,
125 604 534 682 entonces volvió los ojos,
123 653 613 720 y dijo muy animosa:
123 702 635 769 ó es ilusion lo que miro,
125 757 639 820 ó D. Diego se me antoja:
125 797 711 874 No es ilusion, le responde
125 860 713 923 mi bien, mi vida y mi gloria,
127 893 670 968 que estoy sintiendo tus males
130 943 637 1017 y soy el que mas te adora:
125 1002 639 1065 v cortándole las cuerdas,
130 1051 706 1114 que oprimian su persona,
130 1094 654 1187 la fué sacando en sus brazos
845 174 1434 241 de aquella espesura tosca,
847 215 1302 292 hasta que llegó á una quinta,
847 269 1328 339 donde su caballo toma,
849 318 1352 377 y con su prenda querida
847 359 1354 424 entró alegre en Zaragoza;
117 418 587 483 y á la casa do sus Padres
849 412 1375 475 la llevó con mucha honra,
847 460 1314 527 á tiempo que ya venían
847 503 1424 586 D. Juan de Laca, y su tropa,
849 560 1409 633 y á D. Martin traían muerto,
851 623 1413 684 que en el monte se lo topan,
847 647 1330 718 sin saber quien lo mató,
849 700 1399 769 ni de ello hubiese memoria;
849 751 1354 824 y á D. Diego le abrazaron
849 809 1389 870 con gran bizarria y pompa,
851 854 1257 919 y de lodos á una voz
851 887 1359 958 víctores y aplausos logra,
851 939 1318 1017 y al cabo de pocos dias
853 998 1332 1067 se celebraron las bodas,
855 1047 1379 1108 donde viven muy gustosos
857 1094 1464 1173 D. Diego y su prenda hermosa
798 1723 903 1784 FIN
144 2261 1533 2352 Imp. y lib. de Manuel Belloso y Moreno (menor.) — Madre de Dios, 1.
645 2216 1034 2279 CARMONA: —1874.
