1737 2508
888 1993 1024 2077 FIN.
213 248 647 311 y espera tristeza miles,
211 294 775 359 ¡a que llegue á veinte obriles,
209 334 675 401 y no le saliere un novio.
255 384 687 440 Cuando tal linea tocase
211 409 708 486 la muger, y mas si es fea,
206 466 733 528 que no piense, que no crea»
211 512 641 572 en su vida desposarse;
211 560 752 618 muy bien puede lamentarse
213 595 643 658 las delicias suspirando
209 639 706 704 ya para ellas contrabando,
213 693 727 748 ya aquella arquita secreta
215 731 675 794 llave y cerraja completa
215 773 685 833 bien le puede ir echando.
259 829 769 879 No hay remedio, concidero
213 861 710 925 que ha nacido desgraciada
211 907 658 973 si nadie la quiere nada,
209 950 781 1015 que consige ella? ¿que quiere?
211 999 673 1063 aumentar sus padeceres,
211 1036 629 1105 vivir en un pulgatorio,
215 1084 731 1145 no haga un castillo ilusorio
213 1130 614 1191 allá en su imaginacio
215 1172 647 1235 y eche con resignación
213 1216 693 1281 una llave á su escritorio.
495 1306 624 1371 OTRAS
261 1398 769 1454 Tengo quince, me acomoda
211 1440 624 1498 es preciso madre mia,
211 1481 629 1540 el mundo se acabaría,
211 1519 727 1586 si como usted fuesen todas.
259 1615 744 1674 Yo no quito que una niña
213 1657 706 1720 guarde su punto y decoro,
209 1707 719 1763 por que esta prenda de oro
211 1747 683 1812 á cualquier muger aliña;
215 1789 673 1862 pero estraño se me riña
936 252 1502 317 porque anhele el pan de boda
936 290 1502 355 si, ya la edad me incomoda....
934 340 1511 403 casarme antes que abrazarme,
936 380 1436 438 usted no debe privarme...,.
940 424 1477 489 tengo quince, y me acomoda.
982 478 1504 526 Yo siento aca un comenzon
938 505 1450 576 que por dentro me aniquila
940 560 1458 627 voy quedando cual anguila,
942 604 1295 666 y mi triste corazón
938 643 1469 710 siempre esta en egitaekm...
940 687 1362 752 esta grande pena mia,
944 741 1300 794 creo que la curaría
942 773 1433 840 El cura, con mi Pepito....
944 825 1425 886 no hay remedio, lo rapito,
944 869 1356 927 es preciso, madre mia.
986 915 1502 971 Madre, en el mundo entero
942 957 1419 1019 cada cual vá á su pareja,
944 996 1398 1061 esta es una ley tan vieja
944 1038 1387 1099 como su fin verdadero;
942 1082 1452 1147 es claro, yo á Pepe quiero,
942 1128 1394 1193 Juanito quiere á María,
942 1172 1333 1241 Eduardo á Estefanía,
946 1218 1310 1281 y Manolito á Isabel,
944 1256 1379 1322 sin esta inclinación fiel
944 1310 1360 1368 el mundo se acabaría.
986 1354 1413 1412 Usted no se vá á casar,
940 1389 1463 1456 que soy yo madre querida,
940 1433 1423 1500 y es para toda mi vida;
942 1481 1387 1544 luego está muy regular
938 1523 1523 1590 que á mi me ha de acomodar;
942 1571 1362 1636 y Pepito me acomoda,
942 1609 1446 1672 el cuerpo me pide boda...
942 1655 1515 1724 y usted querrá madre amada.,
942 1701 1471 1763 no hubiera hija desgraciada
940 1759 1454 1841 si como usted fuesen todas.
731 2221 1120 2286 CARMONA:—1855.
336 2267 1504 2342 Imprenta de D. José María Moreno, Descalzas, nitro. 4.
