1765 2512
226 282 791 353 mandando so cuerpo y alma
961 284 1503 347 Una gruesa de escardillos,
230 341 713 399 al Príncipe del Infierno.
961 334 1425 395 y de azadones prometo
232 385 757 447 Puesta la soga en la nuez
958 380 1413 443 á todos los hortelanos
232 427 787 496 tomó la pluma en los dedos
958 431 1534 491 de Samaría y de Marruecos.
232 475 644 544 sus-haberes repartió
961 479 1522 540 El palo con que á mi padre
234 527 713 592 bulando, y así diciendo:
965 521 1478 588 le descoyunté los huesos,
234 577 875 640 Dos bolsas que me lian quedado
963 575 1501 634 mando á lodos los casados
232 628 755 690 una espuerta y un talego,
965 625 1520 680 con hembras do poco seso.
230 680 768 738 a los despenseros mando,
965 667 1459 732 Las botas y las espuelas
965 711 1476 782 á dos franceses cocheros
234 722 703 782 y sin balansas un peso.
234 776 707 835 Item, unas pesas fallas
965 768 1476 833 y á un cómilre de galera
236 812 766 881 de plomo y algo de acero,
963 814 1446 872 cuatro látigos de cuero.
232 866 734 927 una ganzúa y dos llaves,
963 860 1545 923 Item, mando á los verdugos,
232 916 774 977 porque son mis herederos.
963 914 1595 971 que ahorquen con mucho aseo,
232 965 718 1023 Mis uñas son garabatos,
963 958 1486 1027 y con arrojo, pues tienen
967 1013 1490 1067 en mí un seguro maestro.
232 1008 720 1082 y así con gusto las dejo
234 1055 776 1128 á los que pescan pescados,
965 1061 1469 1115 Dos redes falsas y rotas,
236 1115 680 1170 cortadores y fruteros.
963 1099 1551 1168 seis cañas con sus anzuelos,
240 1161 801 1218 Para aguar leche y vinagre,
965 1151 1524 1216 que guardé mal adquiridas,
236 1207 875 1270 mando á los que tratan de ello,
967 1199 1471 1268 valiéndome de lo ageno,
234 1247 709 1314 con un libro de cocina,
965 1247 1511 1312 mando á todos los ociosos,
234 1295 768 1362 dos arcas y cuatro cueros.
967 1287 1446 1362 que flemáticos y necios
236 1343 822 1413 Oue vendan la leche aguada,
967 1348 1507 1408 se van á pescar las fiestas
967 1383 1515 1459 con soles, aguas y vientos.
238 1402 818 1463 y den por cuartillos, medios,
967 1440 1419 1503 Esta túnica que visto,
236 1442 858 1513 que aunque lo sienta el vulgo,
236 1494 762 1555 sacarán mucho provecho.
967 1492 1413 1557 é injustamente poseo,
236 1538 743 1609 Echen en la miel harina,
971 1536 1367 1601 la dejo para casaca
971 1590 1455 1645 á un gordo bodegonero.
240 1593 760 1664 para que tenga mas peso,
969 1639 1572 1697 El báculo en que me arrimo,
240 1643 626 1703 y la meloja socorra
221 1680 690 1750 a todos los buñuleros.
969 1683 1540 1750 por ser largo y algo grueso,
240 1743 741 1796 Vendan turrón y arropía
973 1727 1492 1789 divídase en dos bordones
238 1785 793 1850 los chulos á lodos tiempos,
967 1773 1603 1840 para un cojo, y para un tuerto.
971 1821 1392 1888 Esta larga cabellera,
242 1835 699 1894 que jugando de la uña,
242 1881 797 1940 se hacen ladrones profesos.
975 1875 1530 1940 que heredé de mis abuelos;
242 1923 724 1988 Aguardiente y tajadillas
975 1927 1478 1984 repártase en dos pelucas
240 1978 789 2036 vendan Galfarrones necios,
973 1963 1530 2036 para dos lindos del tiempo.
973 2015 1568 2082 Una estera, y dos banquillos,
242 2022 747 2087 y á medio dia aceitunas,
242 2066 797 2137 á peso malo y buen precio.
977 2064 1459 2131 á un saludador entrego,
242 2120 732 2183 La aloja y la carraspada
975 2112 1444 2185 y si fuere muerto, pase
244 2164 705 2235 á los mortales la dejo,
975 2164 1469 2229 á un tornillero sargento.
973 2216 1455 2277 La vara con que media,
240 2223 739 2283 y la Beca de la espuerta
240 2260 665 2344 á Coritos y Gallegos.
977 2264 1543 2338 aunque le falten tres dedos,
