1669 2367
856 193 909 248 14
278 242 1497 313 ahora que soy como el Padre de Faraon superintendente de su casa
276 303 1487 362 y príncipe de Egipto. Id, pues, presto y traedme á mi amado padre,
270 345 1491 406 dadle las nuevas de mi vida y de mi dignidad. Contadle toda la glo¬
272 384 1493 445 ria y grandeza de que vosotros mismos sois testigos, y decidleque
278 431 1495 489 le aguardo, y que es la voluntad de Dios que venga á descansar á la
272 475 1489 532 tierra de Gesen, donde tendrá todo lo que pueda desear para sus
270 518 729 577 hiios y para sus ganados.
333 564 1499 619 Al oir tales palabras los hermanos de José se le arrojaron todos
274 605 1497 662 al cuello y él les fué abrazando uno á uno, vertiendo abundantes
278 648 1493 710 lágrimas de regocijo y de ternura. Pidiéronle perdon y el virtuoso
276 696 956 755 hebreo los volvió á abrazar de nuevo.
335 743 1495 798 Este suceso pronto llegó á oidos de Faraon, quien lo celebró mu¬
278 785 1493 842 chísimo y al punto envió á llamar á José. Este le contó cuanto le ha¬
282 824 1501 885 bia pasado y de tal relacion asombrado le mandó que hiciese venir á
276 875 1501 927 su padre á Egipto con sus hermanos y le dió muchos carros y cabal-
286 921 1242 978 gaduras para que trajesen cuanto en su tierra tenian.
337 956 1491 1017 Llenos de gozo marcharon los hermanos de José, cargados con
276 1004 1499 1061 los regalos que este les habia hecho, y en cuanto llegaron á su casa
290 1045 1495 1104 dieron cuenta á su anciano padre de cuanto les habia sucedido. Jacob
290 1088 1497 1151 les esperaba impaciente con el deseo de volver á ver á su querido
286 1136 1505 1195 Benjamin y al preso Simeon junto con todos los demás. Dijéronle
284 1177 1499 1238 como José estaba vivo aun, que le habian visto, hablado y comido
288 1230 1509 1286 con él, y que era la segunda persona del reino de Egipto, teniendo
286 1268 789 1327 á su cargo todo el gobierno.
335 1303 1509 1368 Parecíale un sueño al buen anciano cuanto sus hijos le decian;
284 1355 1509 1416 hizo que volvieran á referirle con todos los pormenores cuanío habian
295 1400 1501 1463 visto y cuanto les habia acontecido. La vista de los presentes que le
288 1443 1501 1501 hacian su hijo y Faraon acabó de certificarle cuanto sus hijos le de¬
290 1489 1511 1552 cian, y lleno de gozo dijo, que ya no le quedaba más que desear, si su
282 1538 1416 1591 amado hijo José estaba vivo, y que queria verle antes de morir.
349 1581 1505 1647 Con todo el gozo que puede imagmarse estuvieron haciendo los
317 1627 1309 1704 preparativos del viaje el que tuvo lugar á los pocos dias.
757 1751 1045 1824 CAPITUI.O IX.
299 1838 1515 1913 Llega Jacob á Egipto y su hijo va á recibirle y le presenta á Faraon; este le
355 1899 1461 1958 dá para él y sus descendientes la tierra de Gesen. Muerte de Jacob.
372 1996 1521 2067 A los pocos dias de haber salido de su tierra llegó Jacob á Egipto
297 2051 1519 2110 con toda su familia, ganados, etc. En cuanto llegó á noticia de José
303 2090 1528 2153 la llegada de su padre fué corriendo á recibirle, y arrojándose á sus
295 2142 1526 2213 brazos, no sabian disasirse ni el uno ni el otro, mezclando juntos las
