1725 2326
801 116 834 170 5
261 158 1426 228 Ruben, que poco antes de hablar Judá, se habia separado de sus
197 215 1430 279 hermanos para reflexionar á solas cómo sacaria á su hermano José
201 267 1144 319 del pozo, llegó pocos momentos despues de la venta.
271 308 1416 360 «Y vuelto Ruben á la cisterna, no halló al muchacho: y rasgadas
195 352 1416 410 sus vestiduras, yendo á sus hermanos les dijo: ¿El muchacho no
207 393 624 455 parece? ¿y yo dónde iré?
261 434 1418 496 Mas estos por toda contestacion le presentaron la túnica hecha
194 476 1416 538 pedazos y ensangrentada, ocultándole de este modo la venta. Ruben
199 523 1402 581 inconsolable, no sabia cómo presentarse á su padre; pero sus her¬
188 569 1414 622 manos, sin escrúpulo de ninguna especie y acallando los remordi¬
188 608 1400 664 mientos de su corazon, fueron á dar la infausta noticia al triste an¬
190 653 1410 711 ciano, diciéndole como una fiera voraz habia despedazado al pobre
184 703 1414 767 José; y para certificarlo le presentaron la ensangrentada y destro¬
184 736 415 804 zada túnica.
254 775 1404 847 Al verla Jacob, exclamó: «La túnica es de mi hijo; una fiera muy
194 833 1406 887 mala se lo comió: una bestia devoró á José.» Y al decir esto dió libre
190 878 1406 928 curso al llanto. Y rasgadas sus vestiduras, vistióse de cilicio (1), Ilo¬
182 916 1406 978 rando á su hijo mucho tiempo. «Y juntándose todos sus hijos para
194 967 1410 1023 suavizar el dolor del padre, no quiso admitir consuelo, sino que dijo:
194 1004 1059 1066 descenderé á mi hijo llorando hasta el sepulcro.»
242 1048 1412 1104 Dejemos al pobre anciano entregado á su dolor y á sus hijos con
182 1091 1408 1149 el remordimiento de su infame conducta, y sigamos á José en su
186 1133 446 1197 viaje á Egipto.
234 1172 1414 1244 Llegado que hubieron allá los mercaderes le pusieron en venta
188 1225 1418 1288 en el mercado público de esclavos, y prendándose de él Putifar, gran
174 1273 1402 1327 señor de aquella nacion y confidente íntimo del rey, lo compró y
182 1308 459 1368 llevó á su casa.
246 1351 1414 1416 La cadena de esclavo pronto debia desaparecer; mas no antici-
184 1407 776 1465 pemos la relacion de los sucesos.
684 1482 902 1568 CAPITULO II
172 1570 1410 1639 Putifar dá á Josè la superintendencia de su casa.—Resiste á la violencia de
207 1622 1404 1692 su señora, la que le calumnia, y es puesto en la cárcel, donde se gana la
215 1666 589 1727 confianza del alcaide.
248 1740 1400 1816 Una vez llegado á casa de Putifar, despues de haber presentado
174 1800 1397 1864 el esclavo á su señora, encargóle algunas faenas que fueron desem¬
180 1837 1400 1903 peñadas por el jóven con gran celo é inteligencia; visto lo cual por
174 1884 1402 1957 su señor, poco á poco le fué confiando distintos cargos, hasta que,
174 1924 1400 2000 enteramente satisfecho de su conducta, le nombró su mayordemo, con
168 1973 1395 2054 omnímodas facultades. Ya entonces el esclavo se convirtió en dueño:
209 2066 834 2147 (1) Vestido de pelos de cabras de Cilicia.
