<?xml version="1.0" encoding="UTF-8"  standalone="yes"?>
<PcGts xmlns="http://schema.primaresearch.org/PAGE/gts/pagecontent/2019-07-15" xmlns:xsi="http://www.w3.org/2001/XMLSchema-instance" xsi:schemaLocation="http://schema.primaresearch.org/PAGE/gts/pagecontent/2019-07-15 http://schema.primaresearch.org/PAGE/gts/pagecontent/2019-07-15/pagecontent.xsd">
  <Metadata>
	<Creator>escriptorium</Creator>
	<Created>2021-12-11T11:57:53.252822+00:00</Created>
        <LastChange>2021-12-11T11:57:53.252966+00:00</LastChange>

  </Metadata>
  <Page imageFilename="Varios_142_1.jpg" imageWidth="1860" imageHeight="2629">

    
    <TextRegion id="r_2_1"  custom="structure {type:CustomZone:primer_titulo;}">
      <Coords points="43,1157 1561,1181 1534,1365 49,1374"/>
      
      
      <TextLine id="r_2_1l1" >
        <Coords points="307,1303 304,1198 355,1194 357,1194 359,1194 368,1198 390,1209 418,1198 434,1194 436,1194 438,1194 440,1194 451,1198 469,1209 513,1200 535,1196 537,1196 539,1196 541,1196 541,1198 546,1200 554,1209 581,1200 583,1200 585,1200 587,1200 590,1200 592,1200 592,1202 603,1213 627,1204 629,1204 631,1204 730,1218 840,1218 864,1204 868,1202 870,1202 872,1202 875,1202 877,1202 877,1204 879,1204 892,1218 969,1207 997,1202 1000,1202 1002,1202 1004,1202 1011,1207 1035,1220 1278,1211 1280,1318 1276,1347 302,1323"/>
        <Baseline points="309,1305 357,1305 406,1305 454,1306 503,1307 552,1308 600,1309 649,1310 698,1311 746,1313 795,1314 844,1315 892,1317 941,1318 990,1319 1038,1319 1087,1320 1136,1320 1184,1320 1233,1320 1282,1319"/>
        <TextEquiv>
          <Unicode>TROBOS DE AMOR, CATALANS</Unicode>
        </TextEquiv>
      </TextLine>

      
      
      <TextLine id="r_2_1l2" >
        <Coords points="70,1402 70,1334 337,1334 337,1334 337,1334 339,1334 350,1336 372,1345 388,1338 407,1327 407,1327 407,1327 410,1327 410,1327 412,1327 412,1327 412,1327 471,1338 482,1340 484,1338 500,1329 502,1329 502,1329 504,1329 504,1329 504,1329 506,1329 506,1329 506,1329 508,1329 508,1329 511,1329 511,1329 511,1332 522,1340 528,1345 574,1340 666,1332 666,1332 668,1332 668,1332 671,1332 671,1332 671,1332 673,1332 673,1332 686,1342 697,1351 743,1353 822,1353 837,1345 857,1336 857,1336 859,1336 859,1336 859,1336 862,1336 862,1336 864,1336 864,1336 864,1336 883,1345 901,1353 1131,1349 1175,1349 1177,1349 1177,1349 1191,1349 1263,1360 1274,1351 1283,1345 1283,1342 1283,1342 1285,1342 1285,1342 1287,1342 1287,1342 1287,1342 1289,1342 1489,1356 1489,1426 1487,1441 1359,1456 1359,1456 1357,1456 1357,1456 1269,1441 1234,1454 1234,1454 1232,1454 1232,1454 1232,1454 1230,1454 1230,1454 1105,1434 1098,1434 1092,1434 1002,1450 1002,1450 1000,1450 1000,1450 1000,1450 997,1450 997,1450 997,1450 995,1450 978,1437 940,1448 938,1448 938,1448 936,1448 936,1448 936,1448 934,1448 934,1448 934,1448 932,1448 932,1448 916,1432 794,1430 758,1445 758,1445 756,1445 756,1445 756,1445 754,1445 754,1445 754,1445 752,1445 752,1445 710,1428 710,1428 708,1428 614,1441 614,1441 611,1441 611,1441 508,1428 495,1439 495,1439 493,1439 493,1439 493,1439 491,1439 491,1439 491,1439 489,1439 489,1439 486,1439 486,1439 447,1424 230,1437 228,1437 228,1437 228,1437 225,1437 171,1419 120,1434 118,1434 118,1434 118,1434 116,1434 116,1434 114,1434 114,1434 63,1415"/>
        <Baseline points="71,1403 145,1403 220,1404 295,1406 369,1407 444,1408 519,1410 593,1412 668,1414 743,1416 817,1418 892,1419 967,1421 1041,1423 1116,1424 1191,1425 1265,1426 1340,1427 1415,1427 1490,1427"/>
        <TextEquiv>
          <Unicode>PER CANTAR Á LAS NOVAS LOS FADRINS QUE LAS ESTIMAN.</Unicode>
        </TextEquiv>
      </TextLine>

      
    </TextRegion>
    
    <TextRegion id="r_3_1"  custom="structure {type:MainZone;}">
      <Coords points="481,1516 1101,1522 1116,1862 451,1856"/>
      
      
      <TextLine id="r_3_1l1" >
        <Coords points="756,1605 756,1548 804,1557 804,1608 800,1623 752,1616"/>
        <Baseline points="757,1606 805,1610"/>
        <TextEquiv>
          <Unicode>1.</Unicode>
        </TextEquiv>
      </TextLine>

      
      
      <TextLine id="r_3_1l2" >
        <Coords points="546,1645 546,1568 651,1570 651,1570 651,1570 653,1570 653,1570 653,1570 655,1570 655,1570 655,1573 660,1575 679,1597 719,1603 890,1601 903,1592 925,1579 927,1579 927,1579 930,1579 930,1579 930,1579 932,1579 932,1579 934,1579 934,1579 982,1599 980,1651 976,1669 541,1656"/>
        <Baseline points="547,1646 572,1646 598,1647 623,1648 649,1649 674,1649 700,1650 725,1650 751,1651 776,1652 802,1652 827,1653 853,1653 878,1653 904,1654 929,1654 955,1654 981,1654"/>
        <TextEquiv>
          <Unicode>Uns trobos te vull cantá</Unicode>
        </TextEquiv>
      </TextLine>

      
      
      <TextLine id="r_3_1l3" >
        <Coords points="500,1693 497,1656 1059,1658 1059,1697 1055,1717 693,1706 497,1715"/>
        <Baseline points="502,1694 529,1693 557,1692 585,1692 613,1692 641,1692 669,1693 697,1693 725,1694 753,1695 781,1696 808,1696 836,1697 864,1698 892,1698 920,1699 948,1699 976,1700 1004,1700 1032,1700 1060,1699"/>
        <TextEquiv>
          <Unicode>prenda hermosa del meu cort:</Unicode>
        </TextEquiv>
      </TextLine>

      
      
      <TextLine id="r_3_1l4" >
        <Coords points="497,1735 497,1700 908,1704 910,1741 905,1754 493,1750"/>
        <Baseline points="498,1736 523,1736 549,1736 575,1736 601,1737 627,1737 653,1738 679,1738 705,1739 730,1739 756,1740 782,1740 808,1741 834,1742 860,1742 886,1742 912,1743"/>
        <TextEquiv>
          <Unicode>ab paraulas graciosas</Unicode>
        </TextEquiv>
      </TextLine>

      
      
      <TextLine id="r_3_1l5" >
        <Coords points="504,1778 504,1741 938,1750 938,1787 934,1816 802,1800 765,1816 741,1827 741,1827 739,1827 739,1827 736,1827 605,1824 605,1824 605,1824 603,1824 603,1824 600,1824 600,1824 600,1822 600,1822 594,1816 581,1803 502,1816"/>
        <Baseline points="506,1779 531,1780 557,1780 582,1781 608,1781 633,1782 659,1782 684,1783 710,1783 735,1783 761,1784 786,1785 812,1785 837,1786 863,1786 888,1787 914,1788 940,1788"/>
        <TextEquiv>
          <Unicode>te vull esplica lo amor.</Unicode>
        </TextEquiv>
      </TextLine>

      
    </TextRegion>
    
    <TextRegion id="r_4_1"  custom="structure {type:MainZone;}">
      <Coords points="14,1768 698,1777 671,2399 2,2399"/>
      
      
      <TextLine id="r_4_1l1" >
        <Coords points="100,1862 100,1794 223,1818 574,1803 576,1870 572,1892 96,1873"/>
        <Baseline points="103,1864 128,1863 153,1863 178,1863 203,1863 228,1864 253,1864 278,1864 303,1865 328,1866 353,1866 378,1867 403,1867 428,1868 453,1869 478,1869 503,1870 528,1871 553,1871 579,1872"/>
        <TextEquiv>
          <Unicode>Com que yo soch Catalá</Unicode>
        </TextEquiv>
      </TextLine>

      
      
      <TextLine id="r_4_1l2" >
        <Coords points="52,1903 52,1862 504,1866 504,1912 502,1927 50,1927"/>
        <Baseline points="53,1905 78,1905 103,1906 128,1906 153,1907 178,1907 204,1908 229,1909 254,1909 279,1910 304,1910 329,1911 355,1911 380,1912 405,1912 430,1913 455,1913 480,1913 506,1913"/>
        <TextEquiv>
          <Unicode>y formál com lo primé</Unicode>
        </TextEquiv>
      </TextLine>

      
      
      <TextLine id="r_4_1l3" >
        <Coords points="54,1947 52,1906 236,1903 239,1903 239,1903 241,1903 241,1903 241,1903 241,1903 243,1903 261,1914 318,1903 329,1901 329,1901 329,1901 331,1901 331,1901 333,1901 333,1901 333,1901 335,1901 335,1901 335,1901 355,1916 377,1906 377,1906 377,1906 379,1906 379,1906 381,1906 381,1906 480,1919 513,1901 513,1901 513,1901 513,1901 515,1901 515,1901 517,1901 611,1901 611,1960 607,1971 50,1962"/>
        <Baseline points="56,1949 83,1950 111,1950 139,1951 167,1952 195,1952 222,1953 250,1953 278,1954 306,1954 334,1955 361,1955 389,1956 417,1956 445,1957 473,1957 500,1958 528,1958 556,1959 584,1960 612,1961"/>
        <TextEquiv>
          <Unicode>no&#39;m puch canssá de estimá,</Unicode>
        </TextEquiv>
      </TextLine>

      
      
      <TextLine id="r_4_1l4" >
        <Coords points="48,1989 48,1952 454,1962 517,1954 526,1954 526,1954 528,1954 528,1954 528,1954 530,1954 530,1954 530,1954 532,1954 552,1965 649,1956 651,2002 647,2028 344,2013 46,2017"/>
        <Baseline points="49,1991 79,1992 109,1994 139,1995 169,1996 200,1997 230,1998 260,1999 290,1999 320,2000 351,2000 381,2001 411,2001 441,2001 471,2001 502,2002 532,2002 562,2002 592,2002 622,2003 653,2003"/>
        <TextEquiv>
          <Unicode>y aquí al mitx de aquest carré</Unicode>
        </TextEquiv>
      </TextLine>

      
      
      <TextLine id="r_4_1l5" >
        <Coords points="50,2035 48,1998 355,1995 357,1995 508,2011 511,2048 506,2072 46,2057"/>
        <Baseline points="52,2037 77,2038 103,2039 128,2040 154,2041 179,2041 205,2041 230,2042 256,2042 282,2043 307,2043 333,2044 358,2044 384,2045 409,2045 435,2046 460,2047 486,2048 512,2049"/>
        <TextEquiv>
          <Unicode>uns trobos te vull cantá.</Unicode>
        </TextEquiv>
      </TextLine>

      
      
      <TextLine id="r_4_1l6" >
        <Coords points="98,2127 98,2074 528,2074 528,2133 524,2153 94,2142"/>
        <Baseline points="99,2128 124,2128 149,2128 175,2128 200,2129 225,2129 251,2130 276,2130 301,2131 327,2131 352,2132 377,2133 403,2133 428,2134 453,2134 479,2135 504,2135 530,2136"/>
        <TextEquiv>
          <Unicode>Ets tu lo milló tresort</Unicode>
        </TextEquiv>
      </TextLine>

      
      
      <TextLine id="r_4_1l7" >
        <Coords points="52,2168 52,2125 570,2133 572,2179 568,2195 48,2190"/>
        <Baseline points="53,2171 79,2171 105,2172 131,2173 157,2174 183,2174 209,2175 235,2175 261,2176 287,2176 313,2177 339,2177 365,2178 391,2178 417,2179 443,2179 469,2180 495,2180 521,2181 547,2182 573,2182"/>
        <TextEquiv>
          <Unicode>que en la vida he conegut:</Unicode>
        </TextEquiv>
      </TextLine>

      
      
      <TextLine id="r_4_1l8" >
        <Coords points="52,2214 52,2173 583,2186 583,2225 579,2245 48,2232"/>
        <Baseline points="53,2215 79,2215 106,2216 132,2216 159,2217 185,2218 212,2219 238,2219 265,2220 291,2221 318,2222 345,2222 371,2223 398,2224 424,2224 451,2225 477,2225 504,2226 530,2226 557,2226 584,2226"/>
        <TextEquiv>
          <Unicode>vals mes que la plata y ort,</Unicode>
        </TextEquiv>
      </TextLine>

      
      
      <TextLine id="r_4_1l9" >
        <Coords points="50,2256 50,2214 541,2223 543,2269 539,2289 46,2276"/>
        <Baseline points="51,2258 77,2259 103,2260 129,2261 155,2262 181,2263 207,2263 233,2264 259,2265 285,2265 311,2266 337,2266 363,2267 389,2267 415,2268 441,2268 467,2269 493,2269 519,2270 545,2270"/>
        <TextEquiv>
          <Unicode>y de amor me tens perdut</Unicode>
        </TextEquiv>
      </TextLine>

      
      
      <TextLine id="r_4_1l10" >
        <Coords points="41,2304 41,2263 493,2274 598,2265 600,2315 596,2366 471,2363 471,2363 471,2363 469,2363 469,2363 469,2363 467,2363 467,2363 467,2361 465,2359 456,2350 447,2359 443,2361 443,2363 443,2363 440,2363 440,2363 440,2363 438,2363 438,2363 438,2366 388,2366 386,2363 386,2363 383,2363 383,2363 383,2363 381,2363 381,2363 381,2361 381,2361 375,2355 366,2346 285,2350 208,2355 206,2355 206,2355 206,2355 203,2355 173,2346 160,2342 151,2344 100,2357 98,2357 98,2357 96,2357 96,2357 96,2357 94,2357 35,2337"/>
        <Baseline points="42,2305 70,2306 98,2306 126,2307 154,2308 182,2308 210,2310 238,2310 266,2311 294,2312 322,2312 350,2313 378,2314 406,2315 434,2315 462,2316 490,2316 518,2317 546,2317 574,2317 602,2317"/>
        <TextEquiv>
          <Unicode>prenda hermosa del meu cort.</Unicode>
        </TextEquiv>
      </TextLine>

      
    </TextRegion>
    
    <TextRegion id="r_5_1"  custom="structure {type:MainZone;}">
      <Coords points="714,1803 1398,1794 1392,2419 705,2422"/>
      
      
      <TextLine id="r_5_1l1" >
        <Coords points="813,1868 813,1827 1291,1838 1294,1879 1289,1892 809,1884"/>
        <Baseline points="815,1870 840,1871 865,1873 890,1875 916,1876 941,1877 966,1878 992,1879 1017,1879 1042,1880 1068,1881 1093,1881 1118,1881 1144,1881 1169,1881 1194,1882 1220,1882 1245,1882 1270,1882 1296,1881"/>
        <TextEquiv>
          <Unicode>Te voldria di unas cosas</Unicode>
        </TextEquiv>
      </TextLine>

      
      
      <TextLine id="r_5_1l2" >
        <Coords points="765,1916 765,1879 1307,1888 1307,1927 1302,1947 761,1930"/>
        <Baseline points="767,1918 794,1918 821,1919 848,1919 875,1920 902,1921 929,1922 956,1922 983,1923 1010,1924 1037,1925 1064,1925 1091,1926 1118,1926 1145,1927 1172,1928 1199,1928 1226,1929 1253,1929 1280,1929 1308,1930"/>
        <TextEquiv>
          <Unicode>mol mes dolssas que la mel,</Unicode>
        </TextEquiv>
      </TextLine>

      
      
      <TextLine id="r_5_1l3" >
        <Coords points="763,1960 763,1921 1318,1930 1318,1973 1313,1995 1195,1982 1094,1989 1048,1991 1046,1991 1046,1991 1046,1991 1044,1991 1044,1991 1033,1987 1019,1980 991,1984 965,1989 965,1989 962,1989 962,1989 962,1989 960,1989 960,1989 958,1989 951,1984 938,1978 761,1978"/>
        <Baseline points="764,1962 791,1963 819,1964 847,1964 875,1965 903,1966 930,1967 958,1967 986,1967 1014,1968 1042,1968 1069,1969 1097,1969 1125,1970 1153,1970 1181,1971 1208,1972 1236,1972 1264,1973 1292,1974 1320,1975"/>
        <TextEquiv>
          <Unicode>frescas lo mateix que rosas :</Unicode>
        </TextEquiv>
      </TextLine>

      
      
      <TextLine id="r_5_1l4" >
        <Coords points="767,2004 767,1960 1046,1971 1101,1962 1101,1962 1101,1962 1103,1962 1103,1962 1105,1962 1105,1962 1105,1962 1107,1962 1107,1962 1107,1965 1118,1973 1188,1962 1193,2013 1188,2033 763,2024"/>
        <Baseline points="768,2005 793,2006 818,2008 843,2009 868,2010 893,2011 918,2011 943,2012 968,2012 993,2013 1018,2013 1043,2013 1068,2014 1093,2014 1118,2014 1143,2014 1168,2014 1194,2014"/>
        <TextEquiv>
          <Unicode>te dich angelét del Cel</Unicode>
        </TextEquiv>
      </TextLine>

      
      
      <TextLine id="r_5_1l5" >
        <Coords points="767,2050 767,2006 1210,2022 1210,2059 1204,2087 1182,2076 987,2083 976,2083 973,2083 973,2083 971,2083 971,2083 971,2083 971,2083 969,2083 969,2083 969,2081 958,2072 765,2079"/>
        <Baseline points="768,2051 794,2051 820,2052 846,2053 872,2054 898,2054 924,2055 950,2056 976,2057 1003,2057 1029,2058 1055,2059 1081,2059 1107,2059 1133,2060 1159,2060 1185,2060 1212,2060"/>
        <TextEquiv>
          <Unicode>ab parauletas graciosas.</Unicode>
        </TextEquiv>
      </TextLine>

      
      
      <TextLine id="r_5_1l6" >
        <Coords points="811,2140 811,2083 925,2103 1002,2094 1017,2092 1017,2092 1019,2092 1019,2092 1022,2092 1022,2092 1022,2092 1028,2094 1048,2105 1076,2096 1107,2090 1109,2090 1109,2090 1112,2090 1112,2090 1112,2090 1171,2103 1195,2109 1250,2109 1252,2107 1269,2094 1272,2094 1272,2094 1272,2094 1274,2094 1274,2094 1274,2094 1276,2094 1276,2094 1278,2094 1278,2094 1320,2111 1320,2151 1318,2173 1228,2173 1226,2171 1226,2171 1223,2171 1223,2171 1223,2171 1221,2171 1221,2171 1221,2171 1221,2168 1219,2168 1212,2160 809,2160"/>
        <Baseline points="812,2141 837,2142 863,2143 888,2144 914,2144 939,2145 965,2145 990,2146 1016,2146 1041,2147 1067,2147 1092,2147 1118,2148 1143,2148 1169,2149 1194,2149 1220,2150 1245,2150 1271,2151 1296,2152 1322,2153"/>
        <TextEquiv>
          <Unicode>Es tan gran lo meu amor,</Unicode>
        </TextEquiv>
      </TextLine>

      
      
      <TextLine id="r_5_1l7" >
        <Coords points="763,2184 763,2144 1272,2153 1274,2188 1272,2208 761,2208"/>
        <Baseline points="765,2185 790,2186 816,2186 841,2187 867,2187 892,2188 918,2189 943,2190 969,2190 994,2191 1020,2191 1045,2192 1071,2192 1096,2193 1122,2193 1147,2193 1173,2193 1198,2192 1224,2192 1249,2191 1275,2190"/>
        <TextEquiv>
          <Unicode>que no&#39;m pot güañá niugú</Unicode>
        </TextEquiv>
      </TextLine>

      
      
      <TextLine id="r_5_1l8" >
        <Coords points="763,2230 763,2190 1362,2193 1362,2239 1357,2256 758,2252"/>
        <Baseline points="765,2232 796,2232 828,2232 859,2232 891,2233 922,2233 954,2234 985,2234 1017,2235 1048,2235 1080,2236 1111,2237 1143,2237 1174,2238 1206,2238 1237,2239 1269,2239 1300,2240 1332,2240 1364,2240"/>
        <TextEquiv>
          <Unicode>per mes que tingui &#39;l cort fort :</Unicode>
        </TextEquiv>
      </TextLine>

      
      
      <TextLine id="r_5_1l9" >
        <Coords points="763,2271 763,2234 1351,2239 1353,2285 1351,2317 1204,2317 1201,2315 1201,2315 1199,2315 1199,2315 1188,2311 1153,2295 1074,2304 1074,2304 1072,2304 1072,2304 1072,2304 1070,2304 1070,2304 1046,2293 1035,2304 1030,2306 1030,2309 1028,2309 1028,2309 1028,2309 1026,2309 1026,2309 1026,2309 1024,2309 1024,2309 1022,2309 1002,2304 958,2291 761,2293"/>
        <Baseline points="765,2274 794,2275 824,2276 853,2276 883,2277 912,2278 942,2278 971,2279 1001,2280 1030,2280 1060,2281 1089,2281 1119,2282 1148,2282 1178,2283 1207,2283 1237,2284 1266,2284 1296,2285 1325,2285 1355,2286"/>
        <TextEquiv>
          <Unicode>ya hu sens « maca » sols á tú</Unicode>
        </TextEquiv>
      </TextLine>

      
      
      <TextLine id="r_5_1l10" >
        <Coords points="754,2317 752,2278 883,2274 886,2274 886,2274 888,2274 888,2274 888,2274 908,2282 912,2285 921,2282 967,2274 967,2274 967,2274 969,2274 969,2274 969,2274 1030,2287 1033,2287 1033,2287 1048,2276 1050,2276 1050,2276 1050,2276 1052,2276 1052,2276 1055,2276 1055,2276 1055,2276 1057,2276 1057,2276 1085,2289 1087,2289 1092,2289 1169,2278 1169,2278 1171,2278 1171,2278 1173,2278 1173,2278 1173,2278 1204,2293 1201,2326 1197,2372 1149,2363 1140,2370 1133,2377 1133,2379 1133,2379 1131,2379 1131,2379 1131,2379 1129,2379 1129,2379 1129,2381 1090,2381 1087,2379 1087,2379 1085,2379 1033,2366 1022,2363 1011,2363 919,2374 919,2374 916,2374 916,2374 916,2374 914,2374 864,2357 848,2352 752,2352"/>
        <Baseline points="755,2320 781,2320 807,2321 834,2322 860,2322 887,2323 913,2323 939,2324 966,2324 992,2325 1019,2325 1045,2326 1071,2326 1098,2326 1124,2327 1151,2327 1177,2327 1204,2327"/>
        <TextEquiv>
          <Unicode>te vull esplica lo amor.</Unicode>
        </TextEquiv>
      </TextLine>

      
    </TextRegion>
    
    <TextRegion id="eSc_textblock_e8a05770"  custom="structure {type:GraphicZone:illustration;}">
      <Coords points="88,217 85,1166 635,1166 635,217"/>
      
    </TextRegion>
    
    <TextRegion id="eSc_textblock_90b7b41f"  custom="structure {type:GraphicZone:illustration;}">
      <Coords points="606,198 603,1166 1033,1166 1033,201"/>
      
    </TextRegion>
    
    <TextRegion id="eSc_textblock_188472fd"  custom="structure {type:GraphicZone:illustration;}">
      <Coords points="1033,198 1024,1175 1538,1175 1538,201"/>
      
    </TextRegion>
    
    <TextRegion id="eSc_textblock_a8c9303a"  custom="structure {type:CustomZone:subtitulo;}">
      <Coords points="1609,1470 1621,1324 30,1294 27,1470"/>
      
    </TextRegion>
    

    
  </Page>
</PcGts>
