1778 2345
876 181 931 240 12
289 226 1515 297 me-hablásteis? y dijo despues: Dios tenga misericordia de tí hijo mio.»
289 291 1515 340 Pero ne pudiendo detener las lágrimas que le salian de gozo y de
295 324 1515 388 ternura, se retiró á toda prisa de la vista de sus hermanos. Al cabo de
289 377 1517 433 un rato volvió con rostro sereno y mandó á su mayordomo previniese
291 424 1513 478 una espléndida comida, porque queria obsequiar á aquellos extran¬
289 467 882 531 jeros, comiendo en su compañia.
762 572 1058 666 CAPITULO VII.
299 730 1515 801 José manda que escondan su copa en el saco de Benjamin, y les achaca este
324 787 1519 848 hurto, queriendo que Benjamin quede por su esclavo. Judá se ofrece que¬
322 826 606 885 dar en su lugar.
350 930 1515 996 Refiere la Sagrada Escritura que una vez concluido el banquete,
297 982 1531 1039 los hijos de Jacob determinaron marchar á su tierra para sacar de
297 1027 1523 1090 cuidado á su padre, lo que pusieron en obra al amanecer del dia
293 1070 1513 1133 siguiente.—No quiso el tesorero recibirles el dinero de la otra vez,
285 1119 1521 1174 diciéndoles, que él lo habia cobrado y que si lo habian hallado en
303 1162 1060 1219 los costales diesen por ello gracias á Dios.
332 1201 1523 1262 De órden de José volviéronles á llenar de trigo los costales y en
293 1242 1521 1309 el de Benjamin por su mandato, se escondió la copa en que bebió
293 1295 1523 1352 durante la comida. Poco trecho habian andado, cuando vieron llegar
289 1340 1523 1397 á ellos el mayordomo de palacio, quien les reprendió ásperamente,
293 1385 1515 1449 de que no obstante el buen acogimiento que les habia hecho su amo,
287 1428 1519 1487 le hubiesen hurtado la copa que él usaba y en la que solia adivinar.
354 1469 1513 1532 Escusáronse como mejor pudieron diciéndole que no eran ellos
297 1518 1521 1577 capaces de semejante accion; y consentian en que el delincuente fuese
293 1559 1523 1621 castigado con todo rigor. Al momento ordenó el mayordomo regis¬
295 1598 1521 1668 trar todos los costales, y habiéndose encontrado la copa en el de Ben¬
287 1647 1517 1719 jamin, le mandó atar como ladron y llevar á José para que su delito
289 1688 1519 1754 castigara. Llenos de consternacion los demás hermanos no sabian què
295 1729 1515 1805 hacer ni qué decir: acompañaron á Benjamin á la presencia de José
293 1780 1519 1854 y postrándose á sus plantas le suplicaron aceptase sus vidas en cambio
291 1825 1521 1893 de la libertad de su hermano menor. Viendo que no hacia caso de
293 1862 1527 1938 sus súplicas llegó al extremo su dolor, y adelantándose udá con
291 1913 1519 1979 extrema humildad, pidió que le escuchase y le dijo: «Mi señor:
291 1952 1515 2032 preguntaste la primera vez á tus siervos: ¿Teneis padre ó hermano? y
291 2001 1523 2069 nosotros respondimos á tí mi señor: Tenemos un padre anciano, y un
289 2046 1529 2124 hermano pequeño que le nació en su vejez, cuyo hermano uterino ha
291 2090 1523 2159 muerto, y á este solo tiene su madre, y su padre le ama tiernamente.
295 2133 1517 2223 Y dijiste á tus siervos: traédmelo acá, y pondré mis ojos sobre él.
