1753 2480
132 31 764 121 surt del quarto al cap de una hora,
134 105 762 177 y m' ve: ¿qué mana, senyora?
183 144 762 221 — Qué t' mano? Si que estem bé :
124 196 715 281 ¿qué no sabs que téns de fé?
163 250 628 316 — Anar á buscar la llet.
140 289 766 384 — Veshi, donchs, que son las set.
128 345 636 411 Sen va per buscar lo gerro,
132 390 644 460 que li vaig fer fer de ſerro,
142 446 663 520 ja perque no me l' trenqués;
140 491 535 558 y al agafarlo no mes,
136 533 603 607 per despenjarlo del clau,
134 593 587 655 sempre sento que li cau.
132 636 556 708 Ja l' té tot abonyegat:
126 682 742 772 sempre m' diu que li ha escapat.
136 737 562 803 Los dos cantis de llautó
134 793 537 859 al mirarlos ja fan pó;
134 832 653 905 entre bonys y brochs torsats
132 886 529 954 están tots desgraciats;
132 923 731 1008 y es, que al anar á la font,
136 973 719 1060 com ja he dit que sempre dorm,
134 1035 585 1099 pega cops per tot arreu :
128 1070 702 1147 ni ab los ulls oberts hi veu.
132 1124 533 1188 Miren lo que vá passá
136 1173 525 1242 lo dia de sant Maciá;
132 1217 601 1291 vejin si es de ser maula:
134 1273 580 1341 portant lo dinar á taula,
136 1328 523 1392 al passar la vidriera,
136 1364 554 1444 pega cop ella y sopera
136 1417 551 1492 entre la porta y paret,
144 1463 609 1537 que s' va ſer un xiribech :
142 1512 642 1587 y es clar : la sopa perduda,
136 1564 531 1626 y la sopera rompuda.
146 1614 595 1686 No es la primera vegada
144 1649 744 1725 que m' ha fet semblant jugada.
148 1715 597 1781 Basta quels diga no mes
144 1750 731 1831 que l'que m' romp es un excés.
150 1812 601 1876 Lo un dia romp un plat,
140 1868 628 1919 l' altre dia un vas trancat,
150 1901 644 1971 ó una xicra ó una ampolla,
146 1953 562 2021 ó cassola, plata ú olla.
142 2002 624 2070 Si s' posa un rato à cusir,
146 2054 603 2122 luego la veuréu dormir :
144 2093 642 2167 si fa mitja, al poch instant
144 2149 678 2223 la veuréu que s' va aclucant,
146 2201 591 2269 baixant lo cap ensupida,
150 2248 684 2372 y al moment queda dormida.
1058 16 1525 111 Esgranant pésols ó favas,
1064 84 1560 159 veuréu li cauben las babas,
1062 138 1465 202 regalantli cara avall,
1064 179 1649 258 lo mateix que un moch de gall ;
1066 237 1616 307 y si está axí un quart no mes,
1056 285 1554 357 luego de aquest mon no es.
1070 334 1544 400 Vamos, es tan dormidora,
1066 374 1655 452 que s' posa á dormir tota hora:
1062 427 1550 498 s' adorm mentres fa lo llit,
1068 477 1571 547 mentres gronxa l' noy petit,
1068 529 1531 597 mentrés frega las rajolas,
1062 576 1554 644 mentres renta las cassolas :
1058 626 1600 690 dorm mentres va escombrant
1058 671 1556 744 també quant está menjant:
1060 721 1612 797 com que quasi bè estich certa
1064 770 1610 843 que s' adorm estant desperta :
1066 824 1535 890 fins va cáurer l' altre dia
1066 868 1434 938 anant á la Boqueria,
1066 917 1556 987 Vegin ¿qui estará contenta
1068 969 1550 1029 de una tan mala sirventa?
1062 1008 1558 1085 Ningú, y no va de broma,
1068 1070 1544 1132 respongué donya Coloma :
1064 1113 1420 1175 no faria pas per mi
1062 1155 1490 1229 si li agrada tan dormí,
1068 1215 1490 1281 perque m' hi enfadaria
1068 1266 1480 1324 totas las horas del dia.
1066 1306 1612 1388 Veuhen, la que ara tinch jo,
1066 1355 1542 1430 no es dormilega ; axó no:
1072 1399 1645 1475 per massa desperta 'm queixo:
1079 1463 1602 1539 perque lo que jo hi sufreixo,
1070 1508 1492 1576 es impossible explicar:
1066 1552 1494 1612 tot lo dia tinch de estar
1077 1599 1610 1671 fent ulls, y no hi ha esmena;
1077 1649 1556 1719 perque si giro la esquena,
1079 1696 1525 1769 tot seguit me la fregeix :
1070 1736 1684 1835 ja ls' dich jo que n' hi ha un feix
1079 1795 1484 1866 que no l' duria ningú.
1079 1837 1571 1911 En casa no hi ha res segú:
1085 1884 1647 1957 tot lo sant dia está alerta
1070 1940 1647 2012 si m' deixo una cosa oberta,
1072 1981 1647 2064 en seguida me ho regira,
1072 2043 1529 2108 tot ho toca, tot ho mira,
1074 2087 1471 2165 tot ho vol maneflejar,
1077 2132 1428 2205 y si pot llaminejar,
1085 2180 1662 2252 ¡ ay Deu meu ! com s' hi adoba.
1079 2227 1529 2343 Totas las viandas prova,
