1860 2629
63 1835 723 1927 Oficial. Prenda hermosa de mi alma,
125 1895 660 1965 sin ti no puedo vivir,
125 1941 677 2017 vengo á tu lado á sentir
131 1989 754 2068 dulces instantes de calma.
65 2044 752 2116 Catalana. Avuy ja ha vingut D. Joan,
116 2090 721 2168 y si ho va prenent per moda,
118 2140 706 2221 le diré que m' incomoda
129 2193 504 2258 visitantme tan y tant.
65 2236 651 2304 Ofic. Mas ¿como he de vivir yo,
122 2285 546 2372 hermosa, lejos de ti?
824 1840 1425 1910 Cat. Quan vosté esta lluny de mi
875 1888 1390 1965 jo també visch per aixó.
820 1941 1379 2022 Offc. Quien una vez te mirare,
875 1995 1423 2070 por ti en pena vivirá.
818 2046 1419 2114 Cat. Donchs si tant en pena está,
875 2094 1425 2166 ¿per qué no 'm demana al pare?
818 2142 1340 2217 Ofic. ¿A tu padre? ;cómo así?
875 2190 1245 2260 ¿Acaso depende de él
875 2241 1410 2311 el que tú me seas fiel
881 2295 1333 2383 correspondiéndome á mi?
339 1362 1274 1533 NUEVO DIÁLOGO
74 1553 1517 1682 ENTRE UN OFICIAL Y UNA PASTORA CATALANA
