2148 3034
549 235 812 321 ¿Turbas manu?
521 290 923 359 Un aratxí á cal Mussega.
528 346 1027 402 Ab deu mes movent gran brega
523 379 895 444 Ferme pirá van volé...
493 419 1151 498 (Per las enramadas del cap del avi ! Es
450 477 1141 541 pensan aquets matons de pega que un hom
450 523 1153 581 es de mel y sucre com aquells polkos de
440 561 1153 619 butxaca neta y casaca ab curriolas, que
447 601 1153 680 ab una ventallada corren mes terra que
450 634 584 700 Noé !...)
521 670 895 745 Fico baix á la butxaca:
571 718 784 783 Qui s' atraca?
526 750 971 831 Y ab la trifulca y la gresca,
574 801 721 862 ¡Ja se ve !
513 821 1032 910 Men va endinyá á set la pesca,
518 879 893 955 Pels tiroys de cabanré.
526 948 969 1034 Un dematí al Obre-Panxas
551 1011 834 1069 (¡Quinas anxas!)
523 1039 1004 1112 Diu un cuaja al meu derrera,
523 1087 971 1147 Que so un pinxo de pastera
526 1127 976 1195 Mes talós que un carbassó!
488 1173 1148 1243 (Vâlgam els set calses de amargura, y
445 1228 1146 1286 els primés sagraments que dirán demá á la
440 1264 1141 1340 missa!!! De pensarhi tan sols tinch las
1209 235 1900 341 sanchs mes negras que 'l quitrá de la
1219 300 1353 369 platxa!)
1277 326 1760 404 Li vento an bolet ab forma...
1330 381 1588 444 ¡Quina morma!
1282 407 1763 490 Y arrancant de la xarrasca...
1335 462 1500 523 ¡Ay Senyó!
1287 490 1753 558 Dexantlo ab la última basca
1285 541 1639 616 Jo vaig tocá pirandó.
1302 604 1821 685 Veig un chinel que 'm fá 'l tato!
1333 662 1520 725 ¡Pira, bato!
1297 685 1753 761 Y ab aquins clissos diquela!
1292 738 1798 801 No armem bronca! Manu-jela!
1280 778 1697 839 No 't resultés algun mal.
1254 809 1912 882 (Vaya una fatxa estupenda! Set mesos ha
1216 859 1900 925 que no ha jalat misto! Axis la viga de la
1199 902 1907 968 esquena li pogués servi per cadireta del
1211 950 1912 1006 arogonés!... Pensá que haig de xepescá
1204 986 1902 1054 per ell y no 'n tindría per una ronda de
1196 1018 1361 1097 peñí...!)
1295 1049 1783 1130 Vaig á la cangrí si 'm cassa...
1343 1104 1639 1165 ¡Y axó es massa!...
1287 1132 1778 1206 T' embestexo si m' apuras...!
1323 1183 1558 1243 Mes... no val!
1290 1211 1854 1289 Sonsi á la muy!... Sols pels guras
1290 1269 1715 1337 Guilla el terne d' arrabal.
455 1420 1920 1638 UNA PER LO POBLE BAIX
488 1638 804 1731 Un refrán assegura
442 1711 804 1774 que aquell que canta,
445 1754 829 1817 si es espanyol, es prova
440 1795 733 1855 que no te blanca:
442 1833 721 1898 y ab cansons ara
437 1863 900 1931 veig que tots se aficionan?...
566 1916 827 1974 ¡ senyal de gana!
473 1949 923 2025 Com las cansons son pocas,
440 1987 685 2058 jo m' imagino,
430 2022 913 2095 que ab gust rebreu las moltas
440 2078 759 2136 que aquí us dedico;
437 2118 718 2179 perque ja tracto,
440 2138 885 2222 sent pels pobres, de darlas
543 2199 809 2278 bastant barato.
1351 1651 1814 1767 No espereu que aquí insulti,
1315 1716 1609 1774 com ara es moda,
1325 1754 1639 1815 per parcials agravis
1308 1797 1593 1858 may cap persona;
1305 1838 1553 1901 pero á vegadas
1315 1873 1687 1951 donaré á certas classes
1320 1919 1576 1982 bonas sumantas.
1340 1951 1793 2032 Con que, minyons y noyas,
1318 1994 1609 2063 ficant ma en bossa,
1310 2035 1644 2095 del paperet en cambi
1315 2078 1588 2136 deixeu la mosca:
1313 2121 1583 2179 no sigueu lendis,
1318 2159 1730 2217 que no 's perdrá cap casa
1308 2192 1755 2285 pas per CINCH CENTIMS.
506 2361 1829 2487 Barcelona.—Impresos de Cristina Segura, Vda, de A. Llorens, Palma Sta. Calalina, 6.
