<?xml version="1.0" encoding="UTF-8"  standalone="yes"?>
<PcGts xmlns="http://schema.primaresearch.org/PAGE/gts/pagecontent/2019-07-15" xmlns:xsi="http://www.w3.org/2001/XMLSchema-instance" xsi:schemaLocation="http://schema.primaresearch.org/PAGE/gts/pagecontent/2019-07-15 http://schema.primaresearch.org/PAGE/gts/pagecontent/2019-07-15/pagecontent.xsd">
  <Metadata>
	<Creator>escriptorium</Creator>
	<Created>2021-12-11T11:57:53.389650+00:00</Created>
        <LastChange>2021-12-11T11:57:53.389704+00:00</LastChange>

  </Metadata>
  <Page imageFilename="Varios_142_4.jpg" imageWidth="1860" imageHeight="2629">

    
    <TextRegion id="r_1_1"  custom="structure {type:MainZone;}">
      <Coords points="267,260 895,260 878,1402 194,1415 234,548 233,522"/>
      
      
      <TextLine id="r_1_1l1" >
        <Coords points="324,341 324,269 386,271 386,271 386,271 388,271 388,271 390,271 423,293 603,293 620,278 627,273 627,271 627,271 629,271 629,271 631,271 631,271 631,271 679,269 682,269 765,269 765,269 765,269 767,269 767,269 767,269 796,284 796,346 791,363 320,357"/>
        <Baseline points="325,342 351,343 377,343 403,344 430,344 456,345 482,345 508,345 535,345 561,344 587,344 614,344 640,344 666,344 692,344 719,345 745,345 771,346 798,347"/>
        <TextEquiv>
          <Unicode>Mol me agrada lo estimá</Unicode>
        </TextEquiv>
      </TextLine>

      
      
      <TextLine id="r_1_1l2" >
        <Coords points="289,389 285,346 682,343 688,385 686,405 289,409"/>
        <Baseline points="291,390 317,389 344,389 370,388 397,388 424,388 450,389 477,389 503,389 530,389 557,389 583,389 610,389 636,389 663,388 690,387"/>
        <TextEquiv>
          <Unicode>pero es á tú solamen;</Unicode>
        </TextEquiv>
      </TextLine>

      
      
      <TextLine id="r_1_1l3" >
        <Coords points="289,429 289,394 726,396 728,433 726,444 287,451"/>
        <Baseline points="290,431 315,432 341,433 367,433 393,434 419,434 444,434 470,434 496,434 522,434 548,434 574,434 599,433 625,433 651,433 677,433 703,434 729,434"/>
        <TextEquiv>
          <Unicode>per aixó parlo tan clá:</Unicode>
        </TextEquiv>
      </TextLine>

      
      
      <TextLine id="r_1_1l4" >
        <Coords points="285,473 282,435 732,431 734,477 732,492 282,492"/>
        <Baseline points="287,474 313,475 339,476 366,477 392,477 418,477 445,477 471,477 497,477 524,476 550,476 576,475 603,475 629,475 655,475 682,476 708,477 735,478"/>
        <TextEquiv>
          <Unicode>ya voldria se al momen</Unicode>
        </TextEquiv>
      </TextLine>

      
      
      <TextLine id="r_1_1l5" >
        <Coords points="282,521 282,484 761,484 763,521 758,549 438,534 364,549 361,549 361,549 361,549 359,549 359,549 357,549 357,549 357,549 357,549 355,549 333,534 282,549"/>
        <Baseline points="285,522 310,522 335,522 360,522 385,522 411,522 436,522 461,522 486,521 511,521 537,521 562,521 587,521 612,521 637,521 663,521 688,521 713,522 738,522 764,523"/>
        <TextEquiv>
          <Unicode>que yo at donaré la ma.</Unicode>
        </TextEquiv>
      </TextLine>

      
      
      <TextLine id="r_1_1l6" >
        <Coords points="326,602 326,556 434,560 447,556 462,549 462,549 465,549 465,549 465,549 467,549 467,549 469,549 469,549 469,549 471,549 471,549 478,556 484,560 495,556 511,549 511,549 513,549 513,549 513,549 515,549 515,549 517,549 517,549 517,549 519,549 519,549 519,552 526,556 532,565 598,565 625,556 640,552 642,552 642,552 642,552 644,552 644,552 693,556 802,569 848,558 853,613 848,630 322,622"/>
        <Baseline points="327,604 353,605 379,606 406,607 432,608 459,608 485,609 511,609 538,609 564,609 591,609 617,609 643,609 670,609 696,609 723,610 749,610 775,611 802,612 828,613 855,614"/>
        <TextEquiv>
          <Unicode>No estrañis que digui aixó;</Unicode>
        </TextEquiv>
      </TextLine>

      
      
      <TextLine id="r_1_1l7" >
        <Coords points="274,652 274,606 837,611 837,659 833,676 269,663"/>
        <Baseline points="275,655 303,655 331,655 359,654 387,654 415,654 443,654 472,654 500,654 528,654 556,654 584,654 612,654 640,654 669,655 697,655 725,656 753,657 781,658 809,659 838,660"/>
        <TextEquiv>
          <Unicode>sols tu dich perque &#39;m convé,</Unicode>
        </TextEquiv>
      </TextLine>

      
      
      <TextLine id="r_1_1l8" >
        <Coords points="274,698 276,648 315,659 736,657 741,701 739,716 271,716"/>
        <Baseline points="275,700 300,699 326,699 352,698 378,698 404,698 430,698 456,698 482,698 508,698 534,698 560,698 586,698 612,699 638,699 664,700 690,701 716,701 742,702"/>
        <TextEquiv>
          <Unicode>si fay com á obligassió :</Unicode>
        </TextEquiv>
      </TextLine>

      
      
      <TextLine id="r_1_1l9" >
        <Coords points="276,742 276,698 708,703 710,744 708,758 274,758"/>
        <Baseline points="277,743 302,743 328,743 353,743 379,743 404,743 430,743 455,743 481,743 506,743 532,743 557,743 583,743 608,743 634,743 659,744 685,745 711,746"/>
        <TextEquiv>
          <Unicode>si ya fossis ma mullé</Unicode>
        </TextEquiv>
      </TextLine>

      
      
      <TextLine id="r_1_1l10" >
        <Coords points="282,786 282,749 693,751 695,788 690,810 278,806"/>
        <Baseline points="284,788 309,788 335,788 361,788 387,788 412,787 438,787 464,787 490,787 515,787 541,787 567,787 593,788 618,788 644,789 670,789 696,790"/>
        <TextEquiv>
          <Unicode>cuanta sort tindria yo.</Unicode>
        </TextEquiv>
      </TextLine>

      
      
      <TextLine id="r_1_1l11" >
        <Coords points="318,871 320,814 368,828 381,814 381,814 383,814 383,814 383,814 383,814 386,814 386,814 386,814 388,814 388,814 390,814 390,814 390,814 390,814 416,828 427,814 429,814 429,812 429,812 432,812 432,812 432,812 434,812 434,812 434,812 436,812 436,812 438,812 438,812 445,814 486,830 519,817 519,817 522,817 522,817 522,817 524,817 524,817 526,817 526,817 526,817 528,817 528,817 528,819 541,832 620,832 776,817 780,878 778,889 315,891"/>
        <Baseline points="319,874 344,875 370,876 396,877 421,877 447,877 473,878 498,878 524,878 550,878 575,878 601,878 627,878 652,878 678,878 704,879 729,879 755,880 781,880"/>
        <TextEquiv>
          <Unicode>¡ Y cuán arriba á tardá</Unicode>
        </TextEquiv>
      </TextLine>

      
      
      <TextLine id="r_1_1l12" >
        <Coords points="267,920 267,878 780,880 780,924 776,935 263,931"/>
        <Baseline points="269,922 294,922 320,922 345,922 371,922 397,922 422,922 448,922 473,922 499,921 525,921 550,921 576,921 601,922 627,922 653,922 678,923 704,924 729,924 755,925 781,926"/>
        <TextEquiv>
          <Unicode>aquell momen delissiós ! !...</Unicode>
        </TextEquiv>
      </TextLine>

      
      
      <TextLine id="r_1_1l13" >
        <Coords points="278,963 278,917 802,928 802,970 798,988 274,977"/>
        <Baseline points="279,966 305,966 331,966 357,966 384,966 410,966 436,966 462,966 489,966 515,966 541,966 567,967 594,967 620,967 646,968 672,968 699,969 725,969 751,970 777,970 804,971"/>
        <TextEquiv>
          <Unicode>Yo ya no &#39;m puch agüantá,</Unicode>
        </TextEquiv>
      </TextLine>

      
      
      <TextLine id="r_1_1l14" >
        <Coords points="278,1009 280,963 313,974 410,966 456,963 458,963 710,977 710,1009 710,1025 278,1027"/>
        <Baseline points="280,1011 305,1011 330,1011 356,1010 381,1010 407,1010 432,1011 457,1011 483,1011 508,1011 534,1011 559,1011 584,1011 610,1011 635,1011 661,1011 686,1011 712,1011"/>
        <TextEquiv>
          <Unicode>Jesus, que fòra dichós</Unicode>
        </TextEquiv>
      </TextLine>

      
      
      <TextLine id="r_1_1l15" >
        <Coords points="265,1055 263,1018 723,1007 728,1058 728,1077 673,1093 671,1093 671,1093 668,1093 668,1093 519,1080 500,1093 497,1093 497,1093 497,1093 495,1093 495,1093 495,1095 346,1095 344,1093 344,1093 261,1077"/>
        <Baseline points="267,1056 292,1056 318,1055 344,1055 369,1055 395,1055 421,1055 447,1055 472,1055 498,1055 524,1056 549,1056 575,1056 601,1057 627,1057 652,1058 678,1058 704,1059 730,1059"/>
        <TextEquiv>
          <Unicode>si aixó pogués se demá.</Unicode>
        </TextEquiv>
      </TextLine>

      
      
      <TextLine id="r_1_1l16" >
        <Coords points="537,1139 539,1088 579,1084 572,1145 568,1158 532,1154"/>
        <Baseline points="539,1140 573,1146"/>
        <TextEquiv>
          <Unicode>9.</Unicode>
        </TextEquiv>
      </TextLine>

      
      
      <TextLine id="r_1_1l17" >
        <Coords points="313,1189 311,1150 730,1150 732,1191 728,1207 309,1202"/>
        <Baseline points="315,1190 341,1189 367,1188 393,1187 419,1187 445,1188 472,1188 498,1189 524,1190 550,1191 576,1191 603,1192 629,1193 655,1194 681,1194 707,1194 734,1193"/>
        <TextEquiv>
          <Unicode>Adeu prenda ressalada</Unicode>
        </TextEquiv>
      </TextLine>

      
      
      <TextLine id="r_1_1l18" >
        <Coords points="267,1231 265,1196 405,1183 407,1183 407,1183 407,1183 410,1183 410,1183 410,1183 412,1183 429,1196 443,1185 443,1185 445,1185 445,1185 447,1185 447,1185 447,1185 449,1185 449,1185 451,1185 451,1185 451,1185 454,1185 454,1185 454,1187 456,1187 462,1198 530,1198 543,1185 543,1185 546,1185 546,1185 546,1185 548,1185 548,1185 548,1185 550,1185 550,1185 552,1185 552,1185 552,1185 579,1198 579,1198 581,1198 651,1187 651,1187 653,1187 653,1187 653,1187 655,1187 693,1200 693,1237 688,1255 263,1244"/>
        <Baseline points="269,1233 294,1233 319,1233 344,1233 369,1233 394,1233 419,1233 444,1234 469,1234 494,1234 519,1235 544,1235 569,1236 594,1236 619,1237 644,1237 669,1238 695,1239"/>
        <TextEquiv>
          <Unicode>angelét lo mes hermós,</Unicode>
        </TextEquiv>
      </TextLine>

      
      
      <TextLine id="r_1_1l19" >
        <Coords points="274,1275 271,1237 653,1235 658,1281 653,1296 269,1292"/>
        <Baseline points="275,1277 300,1277 326,1277 352,1278 377,1278 403,1278 429,1278 454,1278 480,1278 506,1278 531,1279 557,1279 583,1280 608,1281 634,1282 660,1283"/>
        <TextEquiv>
          <Unicode>me despedeixo de tú,</Unicode>
        </TextEquiv>
      </TextLine>

      
      
      <TextLine id="r_1_1l20" >
        <Coords points="271,1321 271,1283 776,1283 776,1327 767,1367 741,1345 620,1353 605,1369 605,1369 605,1369 603,1369 603,1369 603,1369 600,1369 600,1369 600,1369 598,1369 598,1369 598,1369 596,1369 596,1369 596,1369 594,1369 552,1342 524,1369 524,1369 524,1371 524,1371 522,1371 522,1371 522,1371 519,1371 519,1371 519,1373 451,1373 449,1371 449,1371 447,1371 447,1371 447,1371 445,1371 388,1340 320,1371 320,1371 320,1371 318,1371 318,1371 318,1373 269,1373"/>
        <Baseline points="273,1323 298,1323 323,1323 348,1323 374,1323 399,1324 424,1324 449,1324 475,1324 500,1325 525,1325 550,1326 576,1326 601,1326 626,1327 651,1327 677,1328 702,1328 727,1328 752,1328 778,1329"/>
        <TextEquiv>
          <Unicode>á Déu prego per tots dos.</Unicode>
        </TextEquiv>
      </TextLine>

      
    </TextRegion>
    
    <TextRegion id="r_2_1"  custom="structure {type:MainZone;}">
      <Coords points="943,244 1614,261 1648,1390 926,1399 937,619"/>
      
      
      <TextLine id="r_2_1l1" >
        <Coords points="1030,346 1030,297 1101,302 1105,297 1116,289 1116,286 1116,286 1118,286 1118,286 1118,286 1120,286 1120,286 1195,282 1197,282 1289,286 1289,286 1289,286 1291,286 1291,286 1291,286 1294,286 1294,286 1294,289 1307,300 1348,284 1351,284 1351,284 1351,284 1353,284 1353,284 1353,284 1355,284 1355,284 1357,284 1357,284 1379,300 1388,306 1559,304 1563,352 1559,372 1026,363"/>
        <Baseline points="1031,347 1057,347 1084,347 1111,348 1137,348 1164,348 1191,349 1217,349 1244,349 1271,350 1298,350 1324,351 1351,351 1378,351 1404,352 1431,352 1458,353 1484,353 1511,353 1538,354 1565,354"/>
        <TextEquiv>
          <Unicode>Polsé que ya estás canssada</Unicode>
        </TextEquiv>
      </TextLine>

      
      
      <TextLine id="r_2_1l2" >
        <Coords points="993,389 993,341 1541,359 1541,398 1537,418 989,409"/>
        <Baseline points="994,391 1021,391 1048,392 1076,392 1103,392 1131,393 1158,393 1185,393 1213,394 1240,394 1268,394 1295,395 1322,395 1350,395 1377,396 1405,396 1432,397 1459,397 1487,398 1514,399 1542,400"/>
        <TextEquiv>
          <Unicode>de escollá los meus clamors;</Unicode>
        </TextEquiv>
      </TextLine>

      
      
      <TextLine id="r_2_1l3" >
        <Coords points="991,433 991,398 1487,403 1489,440 1487,457 989,457"/>
        <Baseline points="992,434 1018,435 1044,436 1070,437 1096,438 1123,438 1149,439 1175,439 1201,439 1227,439 1254,439 1280,439 1306,439 1332,439 1358,439 1385,440 1411,440 1437,441 1463,442 1490,442"/>
        <TextEquiv>
          <Unicode>conmoute aquesta vegada :</Unicode>
        </TextEquiv>
      </TextLine>

      
      
      <TextLine id="r_2_1l4" >
        <Coords points="993,479 993,435 1473,440 1476,484 1471,506 989,495"/>
        <Baseline points="995,481 1020,481 1045,481 1071,482 1096,482 1121,482 1147,482 1172,483 1197,483 1223,483 1248,484 1274,484 1299,484 1324,484 1350,485 1375,485 1400,485 1426,485 1451,486 1477,486"/>
        <TextEquiv>
          <Unicode>te dich ab suspirs y plors</Unicode>
        </TextEquiv>
      </TextLine>

      
      
      <TextLine id="r_2_1l5" >
        <Coords points="987,523 987,484 1419,488 1421,527 1419,554 1212,563 1210,563 1210,563 1210,563 1208,563 1162,547 1158,547 1151,547 1068,560 1068,560 1065,560 1065,560 1065,560 1063,560 1063,560 1063,560 1061,560 1061,560 1046,547 1006,556 1006,556 1006,556 1004,556 1004,556 1004,556 1002,556 1002,556 1000,556 978,543"/>
        <Baseline points="989,525 1014,525 1039,525 1065,526 1090,526 1116,526 1141,527 1167,527 1192,527 1218,528 1243,528 1269,528 1294,529 1320,529 1345,529 1371,529 1396,529 1422,529"/>
        <TextEquiv>
          <Unicode>adeu prenda ressalada.</Unicode>
        </TextEquiv>
      </TextLine>

      
      
      <TextLine id="r_2_1l6" >
        <Coords points="1024,611 1024,560 1307,569 1322,567 1384,558 1384,558 1386,558 1386,558 1386,558 1388,558 1427,571 1425,615 1423,628 1022,630"/>
        <Baseline points="1025,613 1050,613 1075,614 1100,614 1125,615 1150,616 1175,616 1200,616 1225,617 1250,617 1275,617 1300,617 1325,617 1350,617 1375,617 1400,617 1426,616"/>
        <TextEquiv>
          <Unicode>Conſio se tan dichós</Unicode>
        </TextEquiv>
      </TextLine>

      
      
      <TextLine id="r_2_1l7" >
        <Coords points="982,657 982,622 1476,626 1476,661 1471,681 978,670"/>
        <Baseline points="983,659 1009,659 1035,659 1061,659 1087,659 1113,659 1139,659 1165,659 1191,660 1217,660 1243,660 1269,661 1295,662 1321,662 1347,662 1373,663 1399,663 1425,663 1451,663 1478,663"/>
        <TextEquiv>
          <Unicode>com qui mol ho puga sé;</Unicode>
        </TextEquiv>
      </TextLine>

      
      
      <TextLine id="r_2_1l8" >
        <Coords points="984,701 984,663 1467,670 1469,707 1465,722 980,718"/>
        <Baseline points="987,702 1012,702 1037,703 1063,703 1088,703 1114,703 1139,704 1164,704 1190,704 1215,704 1241,705 1266,705 1292,705 1317,706 1342,706 1368,706 1393,707 1419,707 1444,708 1470,708"/>
        <TextEquiv>
          <Unicode>yo soch dóssil y amorós:</Unicode>
        </TextEquiv>
      </TextLine>

      
      
      <TextLine id="r_2_1l9" >
        <Coords points="995,747 991,709 1506,703 1511,751 1506,771 991,766"/>
        <Baseline points="997,748 1022,747 1048,747 1074,747 1100,747 1125,747 1151,748 1177,748 1203,749 1228,749 1254,750 1280,750 1306,751 1331,751 1357,752 1383,752 1409,752 1434,752 1460,752 1486,752 1512,752"/>
        <TextEquiv>
          <Unicode>ya veus que sempre al diré</Unicode>
        </TextEquiv>
      </TextLine>

      
      
      <TextLine id="r_2_1l10" >
        <Coords points="984,790 984,753 1489,760 1491,795 1487,823 1423,810 1410,821 1410,823 1410,823 1408,823 1408,823 1408,823 1408,823 1405,823 1405,823 1405,825 1316,825 1313,823 1313,823 1309,823 1221,806 982,821"/>
        <Baseline points="987,792 1012,792 1037,793 1062,793 1088,793 1113,793 1138,794 1163,794 1189,794 1214,794 1239,794 1264,794 1290,794 1315,795 1340,795 1365,795 1391,795 1416,796 1441,796 1466,796 1492,797"/>
        <TextEquiv>
          <Unicode>« angélet lo mes hermós. »</Unicode>
        </TextEquiv>
      </TextLine>

      
      
      <TextLine id="r_2_1l11" >
        <Coords points="1030,880 1028,834 1552,830 1555,882 1550,902 1026,900"/>
        <Baseline points="1032,881 1058,882 1084,882 1110,883 1136,883 1163,883 1189,883 1215,883 1241,883 1267,883 1294,883 1320,883 1346,883 1372,883 1398,883 1425,884 1451,884 1477,884 1503,884 1529,885 1556,885"/>
        <TextEquiv>
          <Unicode>Com me conto un poch segu</Unicode>
        </TextEquiv>
      </TextLine>

      
      
      <TextLine id="r_2_1l12" >
        <Coords points="982,924 982,878 1504,891 1506,928 1504,942 980,946"/>
        <Baseline points="983,926 1009,927 1035,927 1061,927 1088,927 1114,928 1140,928 1166,928 1193,928 1219,928 1245,928 1271,929 1298,929 1324,929 1350,929 1376,929 1403,930 1429,930 1455,930 1481,931 1508,931"/>
        <TextEquiv>
          <Unicode>que tú me estimas un poch,</Unicode>
        </TextEquiv>
      </TextLine>

      
      
      <TextLine id="r_2_1l13" >
        <Coords points="987,968 987,935 1471,937 1473,970 1471,990 984,992"/>
        <Baseline points="989,969 1014,969 1040,971 1065,971 1091,972 1117,972 1142,973 1168,973 1194,973 1219,973 1245,973 1270,973 1296,973 1322,973 1347,973 1373,973 1399,973 1424,973 1450,972 1476,972"/>
        <TextEquiv>
          <Unicode>ya no me espanta ningú ;</Unicode>
        </TextEquiv>
      </TextLine>

      
      
      <TextLine id="r_2_1l14" >
        <Coords points="989,1012 987,977 1105,966 1107,966 1107,966 1107,966 1109,966 1151,977 1153,979 1524,981 1524,1020 1522,1040 1133,1040 1131,1038 1131,1038 1129,1038 1127,1038 1094,1027 987,1036"/>
        <Baseline points="991,1014 1017,1014 1044,1015 1071,1015 1098,1016 1124,1016 1151,1017 1178,1017 1205,1017 1231,1017 1258,1018 1285,1018 1312,1018 1338,1018 1365,1019 1392,1019 1419,1019 1445,1020 1472,1020 1499,1020 1526,1021"/>
        <TextEquiv>
          <Unicode>y ab lo cor com si ſos ſoch</Unicode>
        </TextEquiv>
      </TextLine>

      
      
      <TextLine id="r_2_1l15" >
        <Coords points="978,1058 976,1023 1173,1012 1175,1012 1175,1012 1175,1012 1241,1025 1245,1025 1250,1025 1355,1014 1355,1014 1357,1014 1357,1014 1359,1014 1359,1014 1359,1014 1362,1014 1384,1027 1379,1062 1375,1091 1151,1073 1125,1084 1120,1086 1120,1086 1118,1086 1118,1086 1118,1086 1116,1086 1116,1086 1116,1086 1114,1086 1114,1086 1109,1084 1081,1073 976,1080"/>
        <Baseline points="980,1059 1005,1059 1030,1060 1055,1060 1080,1060 1105,1060 1130,1060 1155,1061 1180,1061 1205,1061 1230,1061 1255,1062 1280,1062 1305,1062 1330,1063 1355,1063 1380,1064"/>
        <TextEquiv>
          <Unicode>me despedeixo de tú.</Unicode>
        </TextEquiv>
      </TextLine>

      
      
      <TextLine id="r_2_1l16" >
        <Coords points="1017,1143 1017,1104 1322,1108 1344,1101 1377,1091 1379,1091 1379,1091 1381,1091 1487,1091 1487,1091 1487,1091 1489,1091 1489,1091 1489,1091 1491,1091 1491,1093 1502,1101 1506,1106 1524,1101 1550,1093 1552,1093 1552,1093 1552,1093 1555,1093 1555,1093 1603,1101 1605,1154 1601,1174 1013,1161"/>
        <Baseline points="1019,1145 1048,1147 1077,1148 1107,1149 1136,1151 1165,1151 1195,1152 1224,1152 1253,1152 1283,1152 1312,1152 1341,1152 1371,1152 1400,1152 1429,1152 1459,1152 1488,1153 1517,1153 1547,1153 1576,1154 1606,1155"/>
        <TextEquiv>
          <Unicode>« Déu del Cel, vos dich á vos</Unicode>
        </TextEquiv>
      </TextLine>

      
      
      <TextLine id="r_2_1l17" >
        <Coords points="973,1191 973,1143 1557,1156 1557,1198 1555,1209 971,1209"/>
        <Baseline points="975,1192 1004,1193 1033,1193 1062,1194 1091,1194 1120,1195 1149,1195 1179,1195 1208,1196 1237,1196 1266,1196 1295,1196 1324,1196 1353,1196 1383,1197 1412,1197 1441,1197 1470,1197 1499,1198 1528,1198 1558,1199"/>
        <TextEquiv>
          <Unicode>que am feu ſelis junt ab ella</Unicode>
        </TextEquiv>
      </TextLine>

      
      
      <TextLine id="r_2_1l18" >
        <Coords points="973,1237 973,1200 1535,1202 1537,1240 1535,1253 971,1253"/>
        <Baseline points="975,1238 1003,1238 1031,1238 1059,1239 1087,1239 1116,1239 1144,1239 1172,1240 1200,1240 1228,1240 1257,1240 1285,1240 1313,1240 1341,1241 1369,1241 1398,1241 1426,1241 1454,1241 1482,1241 1510,1241 1539,1241"/>
        <TextEquiv>
          <Unicode>que aixís yo viuré ab repós.»</Unicode>
        </TextEquiv>
      </TextLine>

      
      
      <TextLine id="r_2_1l19" >
        <Coords points="976,1281 976,1235 1561,1250 1561,1288 1557,1305 971,1292"/>
        <Baseline points="977,1282 1006,1283 1035,1284 1064,1284 1094,1285 1123,1285 1152,1285 1181,1286 1211,1286 1240,1286 1269,1286 1298,1286 1328,1286 1357,1286 1386,1286 1415,1286 1445,1286 1474,1287 1503,1287 1532,1288 1562,1289"/>
        <TextEquiv>
          <Unicode>Ya hu sens resplanden estrella</Unicode>
        </TextEquiv>
      </TextLine>

      
      
      <TextLine id="r_2_1l20" >
        <Coords points="978,1325 980,1279 1011,1290 1155,1283 1226,1281 1228,1281 1228,1281 1230,1281 1230,1281 1243,1286 1261,1294 1484,1294 1487,1329 1484,1356 1423,1369 1423,1369 1423,1369 1421,1369 1421,1369 1419,1369 1419,1369 1419,1369 1416,1369 1416,1369 1416,1367 1405,1358 1327,1358 1311,1371 1311,1373 1311,1373 1309,1373 1309,1373 1309,1373 1307,1373 1307,1373 1307,1375 1256,1375 1254,1373 1254,1373 1252,1373 1252,1373 1206,1356 1204,1356 1151,1356 1149,1356 1120,1371 1120,1371 1120,1371 1118,1371 1118,1371 1118,1371 1116,1371 1116,1371 1116,1371 1114,1371 1076,1360 1000,1371 1000,1371 997,1371 997,1371 995,1371 995,1371 995,1371 993,1371 969,1356"/>
        <Baseline points="980,1326 1005,1328 1030,1329 1056,1330 1081,1331 1107,1331 1132,1332 1157,1332 1183,1332 1208,1332 1234,1332 1259,1332 1284,1332 1310,1332 1335,1332 1361,1332 1386,1332 1411,1332 1437,1332 1462,1332 1488,1332"/>
        <TextEquiv>
          <Unicode>á Déu prego per tots dos.</Unicode>
        </TextEquiv>
      </TextLine>

      
    </TextRegion>
    
    <TextRegion id="r_3_1"  custom="structure {type:MainZone;}">
      <Coords points="908,1431 1051,1440 1043,1580 925,1588"/>
      
      
      <TextLine id="r_3_1l1" custom="structure {type:CustomLine:trailer;}">
        <Coords points="960,1496 956,1443 1004,1426 1008,1496 1008,1548 960,1559"/>
        <Baseline points="962,1497 1010,1497"/>
        <TextEquiv>
          <Unicode>FI.</Unicode>
        </TextEquiv>
      </TextLine>

      
    </TextRegion>
    
    <TextRegion id="r_4_1"  custom="structure {type:MainZone;}">
      <Coords points="859,1756 1444,1748 1448,1909 855,1913"/>
      
      
      <TextLine id="r_4_1l1" >
        <Coords points="872,1824 872,1774 1401,1774 1403,1831 1405,1866 1377,1884 1375,1884 1375,1884 1375,1884 1373,1884 1373,1884 1373,1886 1287,1886 1285,1884 1285,1884 1283,1884 1283,1884 1280,1884 1280,1884 1263,1870 1232,1846 1120,1846 973,1877 971,1877 971,1877 971,1877 870,1879"/>
        <Baseline points="874,1826 900,1826 927,1826 953,1826 980,1826 1006,1826 1033,1826 1059,1826 1086,1826 1112,1827 1139,1827 1166,1828 1192,1828 1219,1828 1245,1829 1272,1829 1298,1830 1325,1830 1351,1831 1378,1831 1405,1832"/>
        <TextEquiv>
          <Unicode>(Es propietat de Joan Grau.)</Unicode>
        </TextEquiv>
      </TextLine>

      
    </TextRegion>
    
    <TextRegion id="r_5_1"  custom="structure {type:MainZone;}">
      <Coords points="234,2061 1696,2074 1713,2267 217,2280"/>
      
      
      <TextLine id="r_5_1l1" >
        <Coords points="298,2147 298,2092 388,2096 412,2090 458,2079 460,2079 460,2079 462,2079 462,2079 465,2079 465,2079 495,2090 500,2092 504,2090 526,2079 526,2079 526,2079 528,2079 528,2079 530,2079 530,2079 530,2079 583,2090 618,2098 629,2090 638,2083 638,2081 640,2081 640,2081 640,2081 642,2081 642,2081 644,2081 717,2081 717,2081 717,2081 719,2081 719,2081 743,2090 774,2101 818,2090 848,2083 848,2083 848,2083 851,2083 851,2083 851,2083 853,2083 853,2083 868,2090 890,2101 901,2090 903,2087 903,2087 903,2087 905,2087 905,2087 908,2087 908,2087 908,2087 982,2083 984,2083 984,2083 984,2083 1017,2090 1081,2105 1210,2105 1234,2092 1234,2092 1234,2092 1237,2092 1237,2092 1239,2092 1239,2092 1364,2105 1375,2096 1375,2094 1375,2094 1377,2094 1377,2094 1377,2094 1379,2094 1379,2094 1379,2094 1381,2094 1478,2101 1495,2090 1498,2090 1498,2090 1500,2090 1500,2090 1500,2090 1500,2090 1502,2090 1502,2090 1502,2090 1502,2090 1504,2090 1504,2090 1541,2107 1552,2096 1552,2094 1552,2094 1555,2094 1555,2094 1555,2094 1557,2094 1557,2094 1557,2094 1664,2090 1669,2160 1666,2177 1265,2182 1263,2182 1263,2182 1261,2182 1226,2173 1210,2168 1022,2168 1019,2168 1008,2179 1008,2179 1006,2179 1006,2179 1006,2179 1004,2179 1004,2179 1004,2179 1002,2179 1002,2179 1002,2179 1000,2179 1000,2179 997,2179 997,2179 997,2179 987,2168 982,2166 938,2168 787,2175 785,2175 785,2175 785,2175 783,2175 747,2164 741,2164 719,2164 561,2175 559,2175 296,2157"/>
        <Baseline points="299,2149 367,2149 436,2149 504,2150 573,2150 642,2151 710,2151 779,2152 847,2152 916,2153 985,2154 1053,2154 1122,2155 1190,2156 1259,2156 1328,2157 1396,2158 1465,2159 1533,2159 1602,2160 1671,2161"/>
        <TextEquiv>
          <Unicode>En casa Joan Grau hi ha gran assurtit de romanssos, sainetes, historias</Unicode>
        </TextEquiv>
      </TextLine>

      
      
      <TextLine id="r_5_1l2" >
        <Coords points="256,2190 256,2142 1274,2162 1274,2201 1272,2234 1017,2243 1015,2243 1015,2243 1013,2243 1013,2243 1013,2243 1011,2243 1011,2243 1011,2241 1002,2234 984,2219 945,2219 899,2234 881,2239 879,2239 879,2239 879,2239 877,2239 877,2239 875,2239 875,2239 875,2239 864,2232 833,2217 802,2232 789,2239 789,2239 789,2239 787,2239 787,2239 787,2239 785,2239 785,2239 783,2239 758,2232 717,2221 688,2232 677,2236 677,2236 675,2236 675,2236 673,2236 673,2236 673,2236 671,2236 655,2232 609,2217 594,2232 592,2232 592,2234 592,2234 590,2234 590,2234 590,2234 587,2234 587,2234 587,2234 585,2234 585,2234 583,2234 570,2232 546,2225 517,2232 480,2239 480,2239 480,2239 478,2239 478,2239 475,2239 475,2239 475,2239 460,2230 423,2212 287,2212 258,2230"/>
        <Baseline points="258,2193 308,2194 359,2195 410,2196 461,2197 512,2197 563,2197 614,2197 665,2197 716,2197 767,2197 817,2197 868,2197 919,2198 970,2198 1021,2198 1072,2199 1123,2199 1174,2200 1225,2201 1276,2203"/>
        <TextEquiv>
          <Unicode>y llibres de lanse, y se donan áà preus mol óômodos.</Unicode>
        </TextEquiv>
      </TextLine>

      
    </TextRegion>
    
    <TextRegion id="r_6_1"  custom="structure {type:MarginTextZone:colophon;}">
      <Coords points="565,2319 1396,2319 1362,2480 591,2489"/>
      
      
      <TextLine id="r_6_1l1" >
        <Coords points="600,2385 600,2344 1322,2361 1324,2396 1322,2420 1191,2431 1188,2431 1186,2431 1155,2420 1144,2414 1000,2414 982,2418 951,2427 949,2427 947,2427 945,2427 910,2418 886,2412 870,2418 851,2425 848,2425 846,2425 596,2414"/>
        <Baseline points="603,2388 639,2389 675,2390 711,2390 747,2391 783,2391 819,2392 856,2392 892,2393 928,2393 964,2393 1000,2393 1036,2394 1072,2394 1109,2394 1145,2395 1181,2395 1217,2395 1253,2396 1289,2397 1326,2397"/>
        <TextEquiv>
          <Unicode>REUS : IMP. Y LIB, DE NARCIS ROCA.—1866.</Unicode>
        </TextEquiv>
      </TextLine>

      
    </TextRegion>
    

    
  </Page>
</PcGts>
