2148 3034
402 1544 1776 1719 LO CANSUNÉ DE LAS BARRAQUETAS
430 1724 872 1827 A beure á tot bitxo aposto.
485 1790 705 1853 ¡Vinga mosto!
425 1817 928 1911 Y al que bons tassons no jala,
422 1868 839 1934 El mateix que una cigala
425 1908 872 1977 Jo 'l faig ballá panxa adalt.
384 1939 1044 2025 (Perque válgam la moreta del oncle, só
354 1992 1052 2068 capás de fe engullí un regiment de suissos
344 2037 1044 2095 per la gargamella del mes pintat, y arran¬
344 2078 1057 2159 cá las entretelas del cor del que desprecia
351 2111 622 2187 una finesa meva!)
422 2144 961 2232 Y el que s' hi torna si l' truco...
465 2192 771 2257 Fuig que l' suco !!!
425 2224 898 2313 Va al Hospital per desfilas!...
468 2267 675 2333 Tant se val!
412 2303 860 2386 Perque jo entre bonas filas
419 2351 796 2424 Só el terne del arrabal.
404 2412 898 2535 Faig las conquistas á cossas;
1237 1752 1497 1833 ¡Quinas mossas!
1201 1797 1687 1878 L' una caso, y l' altra planto,
1191 1843 1588 1913 Pero á totas las encanto
1191 1883 1641 1951 Be per forsa ó de bon grat.
1161 1913 1816 1997 (Perque jo, fills meus, no está per ala¬
1115 1964 1808 2040 barme; pero en que tragini la fila mes rat¬
1115 2002 1811 2080 llada que un mapa-mundi, per las moltas
1103 2047 1811 2118 llargandaxadas que 'ls xurís hi han fet, axó
1118 2085 1811 2176 es una honra; y despues que quan convé
1105 2128 1583 2197 só mes dols que una malva!)
1178 2171 1715 2257 A una el guerxo donant fondo...
1224 2212 1449 2272 ¡Quin arondo!
1186 2237 1710 2336 Treu el xuri y 'm diu: «Entra !»
1224 2290 1449 2353 ¡Vaya un gat!
1173 2318 1672 2394 Li vaig fé un trauet al ventre
1191 2369 1641 2452 Que may mes ha atximullat.
1181 2434 1614 2568 Al carrincló fill del Nanu,
