1724 2339
793 83 836 148 7
167 132 1404 204 lagos, habia echado mano de la fuerza, y que en la lucha se habia
171 187 1396 245 quedado con la capa que le presentaba. Púsose furioso Putifar al oir
175 235 1400 290 tal relato, y sin reflexionar ni inquirir la verdad mandó inmediata¬
171 278 1402 331 mente encerrar á José en la cárcel. Bien hubiera podido este defen¬
173 323 1402 376 derse y poner en claro su inocencia; pero sin decir una palabra que
173 372 1396 422 pudiera ofender en lo más mínimo la reputacion de su señora, obe¬
169 409 1400 465 deció sumiso, siendo encerrado en uno de los calabozos de la cárcel
175 456 1398 508 de Estado. Cargáronle de cadenas y le arrojaron en él como persona
179 495 1398 555 que no tenia quien le defendiera ó favoreciese. A cada momento es¬
179 541 1396 600 taba aguardando el desgraciado jóven una ignominiosa muerte; pero
171 588 1406 647 Dios que desde su excelso trono velaba por el hijo de Jacob, permitia
171 631 1396 690 que sufriera estos trabajos para poner más en relieve su virtud.
173 672 1398 728 Grandes eran los trabajos que padecia en la cárcel; pero la Divina
171 715 1398 773 Providencia que no le abandonaba ni un momento, hizo entrar en el
183 766 1396 824 corazon del alcaide un cariño tal hácia el jóven encarcelado, que
177 808 1402 869 poco áà poco le fué tratando con áâs humanidad y hasta lleóoáà con¬
185 853 1400 910 vencerse de su virtud é inocencia. En pocos dias pasó de preso á car¬
173 896 1402 951 celero, pues el alcaide, teniendo ya en él entera confianza, le dió el
183 937 1402 996 cuidado de vigilar á los demás presos que en su compañia estaban,
185 984 1413 1046 lo que daba ocasion al virtuoso José para endulzar en lo posible los
175 1033 941 1085 trabajos de sus compañeros de infortunio.
647 1118 938 1183 CAPITULO III.
185 1175 1411 1247 Estando en la cárcel dos criados de Faraon, les esplica é interpreta José
310 1229 1271 1290 unos sueños que tuvieron, y el suceso verifica la prediccion.
243 1290 1404 1354 Inescrutable el cielo en sus obras, permitió las desgracias de José
185 1341 1404 1401 para ensalzarle cada vez con mayor fortuna, y como no le abando¬
181 1387 1404 1444 naba en sus trabajos, una conformidad ciega hacia del desgraciado
179 1432 1417 1489 un hombre feliz. Vamos á ver por qué raro medio se valió el Señor
195 1477 1411 1539 para poner en libertad á su elegido, dándole mil veces más de lo que
189 1524 633 1576 con su prision perdiera.
249 1559 1415 1623 Dos años eran pasados que estaba José en la cárcel, cuando fue¬
173 1604 1415 1662 ron conducidos á ella dos oficiales de Faraon; el uno su copero mayor
183 1648 581 1707 y su panadero el otro.
243 1687 1417 1752 A los pocos dias de estar en compañia de José tuvieron cada uno
189 1736 1415 1795 de los dos servidores del rey un distinto sueño, que les tenia en
193 1777 1415 1843 grande perplejidad, no sabiendo á quién consultarlo.—Preguntóles
196 1826 1415 1884 José qué es lo que tenian para estar tan abatidos, y diciéndole ellos
175 1873 1417 1931 la causa, les ofreció que con la ayuda de Dios, él les esplicaria á
189 1914 735 1974 cada uno su respectivo sueño.
253 1951 1419 2019 El copero habia soñado, que veia una vid con tres sarmientos,
191 2005 1415 2064 que en un momento se habia cubierto de hojas, pampanos y racimos
198 2054 1417 2122 ya maduros; y que habiendo cogido su fruto, lo habia esprimido en
