<?xml version="1.0" encoding="UTF-8"  standalone="yes"?>
<PcGts xmlns="http://schema.primaresearch.org/PAGE/gts/pagecontent/2019-07-15" xmlns:xsi="http://www.w3.org/2001/XMLSchema-instance" xsi:schemaLocation="http://schema.primaresearch.org/PAGE/gts/pagecontent/2019-07-15 http://schema.primaresearch.org/PAGE/gts/pagecontent/2019-07-15/pagecontent.xsd">
  <Metadata>
	<Creator>escriptorium</Creator>
	<Created>2021-12-11T11:57:54.251137+00:00</Created>
        <LastChange>2021-12-11T11:57:54.251172+00:00</LastChange>

  </Metadata>
  <Page imageFilename="Varios_105_2.jpg" imageWidth="2148" imageHeight="3034">

    
    <TextRegion id="r_1_1"  custom="structure {type:MainZone;}">
      <Coords points="334,158 1072,181 1040,2051 281,2057"/>
      
      
      <TextLine id="r_1_1l1" >
        <Coords points="427,298 427,240 455,240 457,240 511,202 513,202 513,202 513,202 516,202 516,202 518,202 518,202 518,202 622,222 678,207 680,207 680,207 680,207 683,207 683,207 685,207 685,207 685,207 688,207 688,207 688,209 728,247 731,247 731,247 781,235 784,235 784,235 786,235 786,235 786,235 789,235 789,235 791,235 791,235 791,237 794,237 794,237 802,250 804,252 882,252 885,310 880,336 685,318 425,321"/>
        <Baseline points="429,300 454,300 479,300 505,300 530,300 556,300 581,302 607,302 632,302 658,303 683,305 708,305 734,306 759,307 785,308 810,309 836,310 861,311 887,312"/>
        <TextEquiv>
          <Unicode>Ahont va la marmota xorca,</Unicode>
        </TextEquiv>
      </TextLine>

      
      
      <TextLine id="r_1_1l2" >
        <Coords points="376,336 376,298 751,305 751,346 746,361 371,348"/>
        <Baseline points="378,338 403,338 428,338 453,339 478,339 503,339 528,341 553,342 578,342 603,344 628,344 653,345 678,345 703,347 728,347 753,347"/>
        <TextEquiv>
          <Unicode>motllo de fe granadés!</Unicode>
        </TextEquiv>
      </TextLine>

      
      
      <TextLine id="r_1_1l3" >
        <Coords points="389,376 389,333 829,346 832,386 827,409 384,399"/>
        <Baseline points="390,377 416,377 442,378 468,378 494,378 520,380 546,380 572,381 598,382 624,383 650,384 676,385 702,386 728,387 754,387 780,387 806,387 833,387"/>
        <TextEquiv>
          <Unicode>ja &#39;t pots pentiná á la moda</Unicode>
        </TextEquiv>
      </TextLine>

      
      
      <TextLine id="r_1_1l4" >
        <Coords points="374,414 371,384 698,381 703,419 698,442 369,437"/>
        <Baseline points="375,416 400,417 425,418 451,419 476,419 501,420 527,420 552,420 578,422 603,422 628,422 654,422 679,422 705,422"/>
        <TextEquiv>
          <Unicode>si no traginas calés!</Unicode>
        </TextEquiv>
      </TextLine>

      
      
      <TextLine id="r_1_1l5" >
        <Coords points="409,457 409,419 807,424 807,470 802,495 404,472"/>
        <Baseline points="411,458 437,458 464,459 490,459 517,461 543,461 570,461 596,461 623,462 649,462 676,464 702,464 729,465 755,467 782,468 809,471"/>
        <TextEquiv>
          <Unicode>Arri allá, mala berruga,</Unicode>
        </TextEquiv>
      </TextLine>

      
      
      <TextLine id="r_1_1l6" >
        <Coords points="371,495 371,460 695,467 693,505 688,523 366,518"/>
        <Baseline points="374,498 400,498 427,498 454,498 481,498 507,500 534,500 561,500 588,500 614,501 641,503 668,503 695,506"/>
        <TextEquiv>
          <Unicode>á regatejá com cal!</Unicode>
        </TextEquiv>
      </TextLine>

      
      
      <TextLine id="r_1_1l7" >
        <Coords points="376,538 376,498 751,498 753,543 748,563 371,558"/>
        <Baseline points="378,539 403,539 428,540 453,540 478,540 504,540 529,540 554,540 579,542 604,542 630,542 655,543 680,543 705,543 730,545 756,545"/>
        <TextEquiv>
          <Unicode>A ral, no menos de ral!</Unicode>
        </TextEquiv>
      </TextLine>

      
      
      <TextLine id="r_1_1l8" >
        <Coords points="379,576 376,543 789,541 791,586 794,609 771,624 769,624 769,624 769,624 766,624 766,624 764,624 764,624 764,624 695,611 683,609 602,611 478,619 475,619 475,619 475,619 473,619 473,619 470,619 470,619 468,616 450,604 376,616"/>
        <Baseline points="381,578 406,579 432,579 458,581 484,581 510,582 535,582 561,583 587,584 613,584 639,584 664,584 690,585 716,585 742,586 768,587 794,588"/>
        <TextEquiv>
          <Unicode>alsa, noyas, que belluga!</Unicode>
        </TextEquiv>
      </TextLine>

      
      
      <TextLine id="r_1_1l9" >
        <Coords points="731,664 726,601 789,621 791,659 794,667 736,692"/>
        <Baseline points="732,665 762,663 792,662"/>
        <TextEquiv>
          <Unicode>III</Unicode>
        </TextEquiv>
      </TextLine>

      
      
      <TextLine id="r_1_1l10" >
        <Coords points="407,738 407,692 822,697 824,748 819,763 402,750"/>
        <Baseline points="408,740 434,740 460,741 486,741 512,741 538,741 564,741 590,741 616,741 642,741 668,741 694,743 720,743 746,744 772,746 798,746 825,749"/>
        <TextEquiv>
          <Unicode>Anant el peix tan barato,</Unicode>
        </TextEquiv>
      </TextLine>

      
      
      <TextLine id="r_1_1l11" >
        <Coords points="376,783 374,733 531,745 855,738 860,783 857,801 376,804"/>
        <Baseline points="377,786 402,785 427,784 453,783 478,783 504,782 529,782 555,782 580,782 606,782 631,782 657,782 682,782 708,782 733,783 759,783 784,784 810,785 835,785 861,786"/>
        <TextEquiv>
          <Unicode>¿qui ab la carn dinés esmersa?</Unicode>
        </TextEquiv>
      </TextLine>

      
      
      <TextLine id="r_1_1l12" >
        <Coords points="384,814 384,778 839,783 842,826 837,841 379,829"/>
        <Baseline points="386,815 411,816 437,818 462,819 488,820 513,821 539,821 564,821 590,821 615,822 641,822 666,822 692,822 717,822 743,823 768,824 794,825 819,827 845,828"/>
        <TextEquiv>
          <Unicode>—Veniu aquí vos, bon Bato;</Unicode>
        </TextEquiv>
      </TextLine>

      
      
      <TextLine id="r_1_1l13" >
        <Coords points="369,864 364,826 865,824 867,867 865,889 366,889"/>
        <Baseline points="371,866 397,864 423,862 449,861 476,860 502,860 528,860 554,860 581,860 607,861 633,861 659,863 686,863 712,864 738,864 764,865 791,866 817,867 843,867 870,869"/>
        <TextEquiv>
          <Unicode>¿quant ne voleu? ¿mitja tersa?</Unicode>
        </TextEquiv>
      </TextLine>

      
      
      <TextLine id="r_1_1l14" >
        <Coords points="414,902 412,859 799,864 802,907 796,927 409,920"/>
        <Baseline points="416,903 441,902 467,902 493,902 519,902 545,901 570,900 596,900 622,900 648,901 674,902 699,902 725,903 751,905 777,906 803,909"/>
        <TextEquiv>
          <Unicode>Cóm salta de la balansa!</Unicode>
        </TextEquiv>
      </TextLine>

      
      
      <TextLine id="r_1_1l15" >
        <Coords points="376,940 376,897 733,902 736,943 731,963 371,960"/>
        <Baseline points="378,941 403,941 429,941 455,941 480,941 506,941 532,941 558,941 583,941 609,941 635,942 660,942 686,942 712,943 738,944"/>
        <TextEquiv>
          <Unicode>El mocadó, bon pagés!</Unicode>
        </TextEquiv>
      </TextLine>

      
      
      <TextLine id="r_1_1l16" >
        <Coords points="364,980 364,938 918,950 936,940 946,991 941,1018 645,1001 361,1008"/>
        <Baseline points="366,983 395,983 424,983 453,981 482,981 511,981 540,981 569,981 598,981 627,981 656,983 685,983 714,983 743,984 772,984 801,986 830,987 859,988 888,990 917,992 947,993"/>
        <TextEquiv>
          <Unicode>pareu bé, que &#39;l bras se &#39;m cansa...</Unicode>
        </TextEquiv>
      </TextLine>

      
      
      <TextLine id="r_1_1l17" >
        <Coords points="376,1018 376,983 789,988 791,1026 789,1044 374,1044"/>
        <Baseline points="378,1019 403,1020 429,1020 455,1021 481,1022 507,1022 533,1022 559,1022 585,1022 610,1022 636,1022 662,1022 688,1022 714,1023 740,1024 766,1025 792,1028"/>
        <TextEquiv>
          <Unicode>á vuyt quartos y bon pes!</Unicode>
        </TextEquiv>
      </TextLine>

      
      
      <TextLine id="r_1_1l18" >
        <Coords points="404,1061 402,1026 933,1021 938,1066 933,1092 399,1087"/>
        <Baseline points="407,1062 433,1062 460,1062 487,1062 513,1062 540,1062 567,1062 593,1062 620,1062 647,1062 674,1062 700,1063 727,1064 754,1064 780,1064 807,1065 834,1065 860,1065 887,1065 914,1067 941,1067"/>
        <TextEquiv>
          <Unicode>¿Perque es tart tant se amohina?</Unicode>
        </TextEquiv>
      </TextLine>

      
      
      <TextLine id="r_1_1l19" >
        <Coords points="371,1099 371,1056 908,1074 908,1109 903,1132 366,1117"/>
        <Baseline points="374,1101 400,1103 427,1103 454,1103 481,1103 507,1103 534,1103 561,1103 588,1103 614,1103 641,1103 668,1104 695,1104 721,1104 748,1106 775,1106 802,1106 828,1108 855,1109 882,1111 909,1112"/>
        <TextEquiv>
          <Unicode>si es peix que ab un bull es cuyt.</Unicode>
        </TextEquiv>
      </TextLine>

      
      
      <TextLine id="r_1_1l20" >
        <Coords points="366,1142 361,1104 764,1099 771,1140 769,1157 366,1160"/>
        <Baseline points="369,1143 394,1142 419,1142 444,1142 470,1143 495,1143 520,1143 546,1143 571,1143 596,1143 622,1143 647,1143 672,1143 698,1143 723,1143 748,1143 774,1142"/>
        <TextEquiv>
          <Unicode>A vuyt va, noyas, á vuyt!</Unicode>
        </TextEquiv>
      </TextLine>

      
      
      <TextLine id="r_1_1l21" >
        <Coords points="356,1175 356,1135 771,1147 774,1185 769,1226 351,1208"/>
        <Baseline points="359,1178 385,1180 411,1182 437,1183 463,1184 489,1185 515,1185 541,1185 567,1185 593,1185 619,1185 645,1185 671,1185 697,1186 723,1187 749,1187 776,1188"/>
        <TextEquiv>
          <Unicode>áà vuyt quartos la sardina!</Unicode>
        </TextEquiv>
      </TextLine>

      
      
      <TextLine id="r_1_1l22" >
        <Coords points="713,1264 705,1213 774,1208 781,1259 779,1276 713,1286"/>
        <Baseline points="714,1266 748,1263 783,1260"/>
        <TextEquiv>
          <Unicode>IV</Unicode>
        </TextEquiv>
      </TextLine>

      
      
      <TextLine id="r_1_1l23" >
        <Coords points="399,1342 402,1281 442,1297 554,1284 564,1284 564,1284 566,1284 566,1284 569,1284 569,1284 569,1284 571,1284 604,1302 860,1291 865,1350 860,1370 394,1355"/>
        <Baseline points="401,1343 426,1343 452,1343 478,1341 504,1341 530,1341 556,1341 582,1343 608,1343 634,1343 659,1343 685,1344 711,1345 737,1346 763,1346 789,1347 815,1348 841,1350 867,1352"/>
        <TextEquiv>
          <Unicode>Tan poca pressa &#39;m fa rabia!</Unicode>
        </TextEquiv>
      </TextLine>

      
      
      <TextLine id="r_1_1l24" >
        <Coords points="364,1382 364,1334 447,1347 812,1345 814,1388 812,1403 361,1403"/>
        <Baseline points="365,1385 390,1383 415,1383 440,1383 465,1383 490,1383 515,1382 540,1382 565,1382 590,1382 615,1383 640,1383 665,1383 690,1384 715,1385 740,1385 765,1387 790,1388 816,1389"/>
        <TextEquiv>
          <Unicode>¿Qué vol vosté, bona mossa?</Unicode>
        </TextEquiv>
      </TextLine>

      
      
      <TextLine id="r_1_1l25" >
        <Coords points="369,1423 369,1385 819,1388 822,1428 817,1448 364,1441"/>
        <Baseline points="371,1425 396,1425 421,1424 446,1424 471,1424 496,1424 522,1424 547,1424 572,1424 597,1424 622,1424 647,1424 673,1425 698,1425 723,1427 748,1427 773,1428 798,1429 824,1431"/>
        <TextEquiv>
          <Unicode>Dexim despatxá aquesta avia</Unicode>
        </TextEquiv>
      </TextLine>

      
      
      <TextLine id="r_1_1l26" >
        <Coords points="364,1466 361,1425 741,1431 743,1468 738,1489 359,1486"/>
        <Baseline points="365,1467 390,1466 415,1466 441,1464 466,1464 492,1464 517,1464 542,1464 568,1464 593,1464 619,1466 644,1466 669,1467 695,1467 720,1469 746,1469"/>
        <TextEquiv>
          <Unicode>que tragina bona bossa.</Unicode>
        </TextEquiv>
      </TextLine>

      
      
      <TextLine id="r_1_1l27" >
        <Coords points="392,1509 387,1468 695,1461 698,1461 698,1461 700,1461 700,1461 700,1461 726,1474 748,1451 748,1448 748,1448 751,1448 751,1448 751,1448 753,1448 753,1448 753,1448 756,1448 756,1448 759,1448 817,1463 855,1431 865,1420 865,1420 867,1420 867,1420 867,1420 870,1420 870,1420 872,1420 994,1420 996,1511 994,1547 875,1547 872,1544 872,1544 870,1544 870,1544 855,1539 804,1522 612,1527 402,1534 399,1534 399,1534 397,1534 397,1534 397,1534 394,1534 394,1534 394,1532 392,1532 379,1517"/>
        <Baseline points="393,1511 423,1508 453,1506 483,1506 514,1505 544,1505 574,1505 605,1505 635,1505 665,1505 696,1506 726,1506 756,1508 786,1508 817,1509 847,1510 877,1511 908,1511 938,1512 968,1512 999,1512"/>
        <TextEquiv>
          <Unicode>¿Qué diu, padrina?... Es mitx sorda.</Unicode>
        </TextEquiv>
      </TextLine>

      
      
      <TextLine id="r_1_1l28" >
        <Coords points="376,1542 376,1501 837,1506 839,1549 837,1567 374,1567"/>
        <Baseline points="378,1544 403,1544 429,1544 455,1544 481,1544 506,1544 532,1544 558,1543 584,1542 610,1542 635,1542 661,1542 687,1542 713,1544 738,1544 764,1545 790,1547 816,1549 842,1551"/>
        <TextEquiv>
          <Unicode>Va á set quartos y es de pam!</Unicode>
        </TextEquiv>
      </TextLine>

      
      
      <TextLine id="r_1_1l29" >
        <Coords points="361,1587 359,1547 958,1547 961,1592 958,1610 359,1610"/>
        <Baseline points="362,1590 392,1587 422,1586 452,1586 482,1584 512,1584 542,1583 572,1583 602,1583 632,1584 662,1584 692,1584 722,1584 752,1586 782,1586 812,1587 842,1589 872,1589 902,1590 932,1592 963,1593"/>
        <TextEquiv>
          <Unicode>¿qué ha respost? Uix! ja tens orde...</Unicode>
        </TextEquiv>
      </TextLine>

      
      
      <TextLine id="r_1_1l30" >
        <Coords points="351,1630 349,1592 918,1592 920,1630 918,1643 349,1648"/>
        <Baseline points="353,1631 381,1629 410,1628 438,1626 467,1626 495,1625 524,1625 552,1625 581,1625 609,1625 638,1625 666,1625 695,1625 723,1625 752,1626 780,1626 809,1626 837,1628 866,1629 894,1629 923,1631"/>
        <TextEquiv>
          <Unicode>¿A cinch quartos?... Plega el ram.</Unicode>
        </TextEquiv>
      </TextLine>

      
      
      <TextLine id="r_1_1l31" >
        <Coords points="404,1663 404,1620 928,1625 931,1671 925,1691 399,1686"/>
        <Baseline points="407,1665 433,1665 459,1664 485,1664 512,1664 538,1664 564,1664 590,1664 617,1664 643,1665 669,1665 695,1665 722,1665 748,1667 774,1667 800,1668 827,1668 853,1670 879,1670 905,1671 932,1673"/>
        <TextEquiv>
          <Unicode>¿De ahont ha eixit la mala vella?</Unicode>
        </TextEquiv>
      </TextLine>

      
      
      <TextLine id="r_1_1l32" >
        <Coords points="364,1706 364,1661 870,1673 872,1711 870,1724 361,1726"/>
        <Baseline points="366,1707 391,1707 416,1707 442,1707 467,1707 493,1706 518,1706 544,1706 569,1706 595,1706 620,1706 645,1706 671,1707 696,1707 722,1707 747,1708 773,1709 798,1709 824,1710 849,1712 875,1713"/>
        <TextEquiv>
          <Unicode>¿A cinch?... no hi fará cap pet.</Unicode>
        </TextEquiv>
      </TextLine>

      
      
      <TextLine id="r_1_1l33" >
        <Coords points="361,1747 359,1711 733,1706 736,1747 733,1767 359,1764"/>
        <Baseline points="363,1749 388,1748 413,1748 438,1746 463,1746 488,1746 513,1745 538,1745 563,1745 588,1745 613,1745 638,1746 663,1746 688,1746 713,1748 738,1749"/>
        <TextEquiv>
          <Unicode>A set! no menos de set!</Unicode>
        </TextEquiv>
      </TextLine>

      
      
      <TextLine id="r_1_1l34" >
        <Coords points="344,1787 344,1742 731,1754 731,1790 726,1888 619,1868 554,1868 495,1868 462,1886 462,1886 462,1886 460,1886 460,1886 460,1886 457,1886 457,1886 455,1886 455,1886 455,1886 452,1886 452,1886 409,1850 399,1843 341,1843"/>
        <Baseline points="345,1788 377,1788 403,1788 429,1788 455,1788 481,1787 507,1787 533,1787 559,1787 585,1787 611,1787 637,1788 663,1788 689,1790 733,1791"/>
        <TextEquiv>
          <Unicode>sardina per la graella!</Unicode>
        </TextEquiv>
      </TextLine>

      
      
      <TextLine id="r_1_1l35" >
        <Coords points="718,1855 716,1820 766,1815 769,1858 766,1881 716,1883"/>
        <Baseline points="720,1858 770,1860"/>
        <TextEquiv>
          <Unicode>V</Unicode>
        </TextEquiv>
      </TextLine>

      
      
      <TextLine id="r_1_1l36" >
        <Coords points="392,1946 394,1891 450,1903 845,1903 847,1951 845,1979 751,1979 746,1982 716,1997 716,1997 716,1997 713,1997 713,1997 713,1999 672,1999 670,1997 670,1997 667,1997 667,1997 667,1997 665,1997 665,1997 665,1994 655,1984 647,1979 389,1994"/>
        <Baseline points="393,1949 418,1949 443,1949 469,1949 494,1950 519,1950 545,1950 570,1950 595,1950 621,1951 646,1952 671,1952 697,1952 722,1952 747,1953 773,1953 798,1953 823,1953 849,1953"/>
        <TextEquiv>
          <Unicode>Vaya un minyó com un sol!</Unicode>
        </TextEquiv>
      </TextLine>

      
    </TextRegion>
    
    <TextRegion id="r_2_1"  custom="structure {type:MainZone;}">
      <Coords points="1126,171 1820,199 1799,2080 1093,2083"/>
      
      
      <TextLine id="r_2_1l1" >
        <Coords points="1186,303 1189,232 1242,232 1242,232 1242,232 1244,232 1244,232 1244,232 1247,232 1247,232 1247,235 1249,235 1249,237 1272,262 1305,250 1305,250 1308,250 1308,250 1310,250 1310,250 1313,250 1313,250 1313,250 1345,265 1416,252 1429,250 1429,250 1432,250 1432,250 1432,250 1434,250 1434,250 1434,250 1442,252 1467,268 1530,262 1533,316 1528,331 1181,328"/>
        <Baseline points="1188,305 1214,306 1241,308 1268,309 1294,309 1321,311 1348,311 1374,311 1401,312 1428,312 1454,314 1481,315 1508,316 1535,318"/>
        <TextEquiv>
          <Unicode>Si jo nofos pescatera !</Unicode>
        </TextEquiv>
      </TextLine>

      
      
      <TextLine id="r_2_1l2" >
        <Coords points="1191,341 1191,305 1672,313 1674,361 1669,374 1186,364"/>
        <Baseline points="1193,342 1218,345 1243,347 1269,349 1294,351 1320,353 1345,354 1370,354 1396,355 1421,356 1447,356 1472,356 1498,357 1523,357 1548,357 1574,359 1599,359 1625,360 1650,361 1676,363"/>
        <TextEquiv>
          <Unicode>—Ey, estigui ! ¿Quánt ne vol?</Unicode>
        </TextEquiv>
      </TextLine>

      
      
      <TextLine id="r_2_1l3" >
        <Coords points="1186,391 1186,346 1634,353 1639,394 1636,409 1184,417"/>
        <Baseline points="1187,393 1212,392 1237,390 1262,389 1287,389 1313,390 1338,390 1363,392 1388,393 1414,393 1439,395 1464,396 1489,396 1514,397 1540,398 1565,398 1590,398 1615,397 1641,395"/>
        <TextEquiv>
          <Unicode>¿que &#39;n peso una carnicera?</Unicode>
        </TextEquiv>
      </TextLine>

      
      
      <TextLine id="r_2_1l4" >
        <Coords points="1219,432 1216,391 1750,389 1755,439 1750,470 1583,462 1583,462 1583,462 1581,462 1581,462 1581,462 1578,462 1578,462 1578,460 1568,452 1553,462 1550,462 1550,462 1550,462 1548,462 1548,462 1545,462 1545,462 1381,447 1216,457"/>
        <Baseline points="1221,434 1247,433 1274,432 1301,431 1328,431 1355,432 1382,432 1408,432 1435,434 1462,434 1489,436 1516,437 1543,438 1570,440 1596,440 1623,441 1650,441 1677,441 1704,441 1731,441 1758,441"/>
        <TextEquiv>
          <Unicode>¿Que put, dius?... ay pelatrecas!</Unicode>
        </TextEquiv>
      </TextLine>

      
      
      <TextLine id="r_2_1l5" >
        <Coords points="1189,467 1189,424 1609,439 1609,477 1604,490 1184,480"/>
        <Baseline points="1190,468 1216,468 1242,468 1268,470 1295,470 1321,471 1347,471 1373,471 1400,473 1426,473 1452,474 1478,475 1505,476 1531,477 1557,477 1583,479 1610,480"/>
        <TextEquiv>
          <Unicode>tu deus pudí, escarransit!</Unicode>
        </TextEquiv>
      </TextLine>

      
      
      <TextLine id="r_2_1l6" >
        <Coords points="1186,508 1186,462 1573,482 1576,520 1571,536 1181,525"/>
        <Baseline points="1188,509 1213,509 1239,509 1265,509 1291,509 1317,509 1343,510 1369,510 1395,512 1421,513 1447,514 1473,516 1499,516 1525,518 1551,519 1577,521"/>
        <TextEquiv>
          <Unicode>Ja si may sardina tecas,</Unicode>
        </TextEquiv>
      </TextLine>

      
      
      <TextLine id="r_2_1l7" >
        <Coords points="1186,546 1186,508 1583,513 1583,558 1578,573 1181,566"/>
        <Baseline points="1188,548 1214,549 1240,549 1267,549 1293,551 1320,551 1346,552 1372,552 1399,552 1425,554 1452,554 1478,555 1504,557 1531,558 1557,559 1584,560"/>
        <TextEquiv>
          <Unicode>te pugui da un bon enfit.</Unicode>
        </TextEquiv>
      </TextLine>

      
      
      <TextLine id="r_2_1l8" >
        <Coords points="1211,589 1211,551 1657,556 1659,601 1654,624 1206,601"/>
        <Baseline points="1214,591 1240,591 1266,590 1292,590 1319,590 1345,591 1371,591 1398,593 1424,593 1450,594 1476,596 1503,596 1529,598 1555,599 1582,600 1608,600 1634,602 1661,603"/>
        <TextEquiv>
          <Unicode>Uix de aquí, mitja tortuga;</Unicode>
        </TextEquiv>
      </TextLine>

      
      
      <TextLine id="r_2_1l9" >
        <Coords points="1186,627 1186,586 1641,604 1641,642 1636,664 1181,644"/>
        <Baseline points="1188,629 1213,629 1238,629 1264,629 1289,629 1314,629 1340,630 1365,630 1390,630 1416,632 1441,632 1466,633 1492,635 1517,635 1542,636 1568,638 1593,639 1618,641 1644,644"/>
        <TextEquiv>
          <Unicode>esquena de cent y un pis! ..</Unicode>
        </TextEquiv>
      </TextLine>

      
      
      <TextLine id="r_2_1l10" >
        <Coords points="1173,670 1173,634 1535,639 1535,677 1530,695 1168,685"/>
        <Baseline points="1175,671 1200,671 1226,671 1252,671 1278,671 1304,671 1330,671 1356,671 1382,671 1408,672 1434,673 1460,674 1486,675 1512,676 1538,678"/>
        <TextEquiv>
          <Unicode>A sis la sardina, á sis!</Unicode>
        </TextEquiv>
      </TextLine>

      
      
      <TextLine id="r_2_1l11" >
        <Coords points="1181,707 1181,667 1573,672 1573,718 1568,748 1176,745"/>
        <Baseline points="1182,710 1208,711 1234,712 1260,713 1286,713 1313,714 1339,714 1365,714 1391,716 1417,716 1444,716 1470,716 1496,717 1522,717 1548,718 1575,719"/>
        <TextEquiv>
          <Unicode>alsa, noyas, que belluga!</Unicode>
        </TextEquiv>
      </TextLine>

      
      
      <TextLine id="r_2_1l12" >
        <Coords points="1528,809 1530,748 1581,763 1578,809 1576,831 1525,829"/>
        <Baseline points="1530,810 1555,810 1581,810"/>
        <TextEquiv>
          <Unicode>VI.</Unicode>
        </TextEquiv>
      </TextLine>

      
      
      <TextLine id="r_2_1l13" >
        <Coords points="1219,889 1222,826 1310,849 1366,834 1391,829 1394,829 1394,829 1396,829 1396,829 1396,829 1444,839 1505,854 1543,846 1573,841 1573,841 1573,841 1576,841 1576,841 1578,841 1578,841 1578,841 1581,841 1591,849 1604,859 1720,859 1722,905 1717,932 1214,910"/>
        <Baseline points="1221,890 1246,891 1271,891 1296,892 1321,893 1347,893 1372,894 1397,894 1422,896 1447,896 1473,897 1498,898 1523,899 1548,899 1573,900 1599,902 1624,903 1649,903 1674,905 1699,905 1725,906"/>
        <TextEquiv>
          <Unicode>Pari, noya, que &#39;l temps corre,</Unicode>
        </TextEquiv>
      </TextLine>

      
      
      <TextLine id="r_2_1l14" >
        <Coords points="1168,935 1166,887 1538,902 1540,940 1535,955 1163,953"/>
        <Baseline points="1170,938 1196,935 1223,935 1249,933 1276,933 1302,933 1329,933 1356,935 1382,935 1409,936 1435,937 1462,938 1488,939 1515,940 1542,941"/>
        <TextEquiv>
          <Unicode>posisshi sota una fulla.</Unicode>
        </TextEquiv>
      </TextLine>

      
      
      <TextLine id="r_2_1l15" >
        <Coords points="1178,975 1178,935 1705,940 1707,986 1702,1003 1173,996"/>
        <Baseline points="1179,977 1205,976 1232,975 1258,975 1285,974 1311,974 1338,974 1364,974 1391,974 1417,975 1444,975 1470,975 1497,977 1523,978 1550,979 1576,980 1603,981 1629,982 1656,983 1682,986 1709,987"/>
        <TextEquiv>
          <Unicode>¿Qué diu que he tocat (ay porra)!</Unicode>
        </TextEquiv>
      </TextLine>

      
      
      <TextLine id="r_2_1l16" >
        <Coords points="1181,1011 1181,970 1586,978 1588,1021 1583,1034 1176,1031"/>
        <Baseline points="1182,1013 1207,1014 1233,1014 1258,1014 1284,1014 1309,1014 1335,1014 1360,1014 1386,1014 1411,1014 1437,1016 1462,1016 1488,1017 1513,1017 1539,1019 1564,1020 1590,1022"/>
        <TextEquiv>
          <Unicode>de las balansas la agulla?</Unicode>
        </TextEquiv>
      </TextLine>

      
      
      <TextLine id="r_2_1l17" >
        <Coords points="1206,1054 1206,1016 1591,1016 1593,1061 1588,1079 1201,1072"/>
        <Baseline points="1208,1056 1233,1055 1259,1053 1285,1053 1311,1053 1337,1053 1363,1053 1389,1054 1414,1055 1440,1055 1466,1056 1492,1058 1518,1059 1544,1061 1570,1061 1596,1064"/>
        <TextEquiv>
          <Unicode>A robá á Serra Morena!</Unicode>
        </TextEquiv>
      </TextLine>

      
      
      <TextLine id="r_2_1l18" >
        <Coords points="1168,1094 1166,1049 1598,1064 1598,1102 1593,1117 1163,1104"/>
        <Baseline points="1169,1095 1194,1094 1219,1094 1245,1094 1270,1094 1296,1094 1321,1093 1346,1093 1372,1094 1397,1094 1423,1094 1448,1094 1473,1095 1499,1097 1524,1097 1550,1098 1575,1100 1601,1103"/>
        <TextEquiv>
          <Unicode>de no semblarte me alabo,</Unicode>
        </TextEquiv>
      </TextLine>

      
      
      <TextLine id="r_2_1l19" >
        <Coords points="1163,1132 1163,1094 1657,1094 1659,1142 1654,1160 1158,1147"/>
        <Baseline points="1166,1133 1192,1133 1218,1133 1244,1133 1270,1134 1296,1134 1322,1134 1348,1134 1374,1136 1400,1136 1427,1136 1453,1137 1479,1137 1505,1139 1531,1139 1557,1140 1583,1141 1609,1142 1635,1144 1662,1145"/>
        <TextEquiv>
          <Unicode>que &#39;l teu fill sufreix condena</Unicode>
        </TextEquiv>
      </TextLine>

      
      
      <TextLine id="r_2_1l20" >
        <Coords points="1168,1170 1168,1135 1609,1145 1611,1180 1609,1195 1166,1195"/>
        <Baseline points="1169,1173 1195,1174 1221,1175 1247,1175 1273,1175 1299,1175 1325,1175 1351,1175 1377,1175 1404,1175 1430,1176 1456,1176 1482,1176 1508,1178 1534,1179 1560,1179 1586,1181 1613,1182"/>
        <TextEquiv>
          <Unicode>perque feu quatre y el cabo</Unicode>
        </TextEquiv>
      </TextLine>

      
      
      <TextLine id="r_2_1l21" >
        <Coords points="1209,1216 1209,1180 1606,1183 1609,1218 1606,1233 1206,1236"/>
        <Baseline points="1211,1218 1237,1217 1264,1215 1290,1215 1317,1215 1344,1215 1370,1215 1397,1215 1423,1217 1450,1217 1477,1218 1503,1218 1530,1220 1556,1220 1583,1221 1610,1221"/>
        <TextEquiv>
          <Unicode>Al infern. vella butxina,</Unicode>
        </TextEquiv>
      </TextLine>

      
      
      <TextLine id="r_2_1l22" >
        <Coords points="1161,1251 1161,1216 1611,1218 1611,1261 1606,1276 1156,1274"/>
        <Baseline points="1163,1254 1188,1254 1213,1254 1238,1254 1263,1254 1288,1254 1313,1255 1338,1256 1363,1256 1388,1257 1413,1257 1438,1258 1463,1259 1488,1259 1513,1260 1538,1260 1563,1262 1588,1262 1613,1262"/>
        <TextEquiv>
          <Unicode>no se com Deu me detinch!</Unicode>
        </TextEquiv>
      </TextLine>

      
      
      <TextLine id="r_2_1l23" >
        <Coords points="1161,1289 1161,1256 1669,1256 1672,1304 1667,1322 1156,1307"/>
        <Baseline points="1163,1290 1188,1291 1214,1292 1239,1294 1265,1295 1290,1296 1316,1296 1341,1298 1367,1298 1392,1299 1418,1299 1443,1301 1469,1301 1494,1302 1520,1302 1545,1302 1571,1304 1596,1304 1622,1305 1647,1305 1673,1307"/>
        <TextEquiv>
          <Unicode>—A cinch va al últim, á cinch!</Unicode>
        </TextEquiv>
      </TextLine>

      
      
      <TextLine id="r_2_1l24" >
        <Coords points="1168,1334 1168,1294 1510,1302 1512,1340 1510,1385 1404,1388 1401,1388 1401,1388 1399,1388 1399,1388 1381,1380 1338,1365 1166,1370"/>
        <Baseline points="1170,1337 1196,1337 1222,1337 1249,1337 1275,1337 1302,1338 1328,1338 1355,1338 1381,1340 1408,1340 1434,1340 1461,1341 1487,1341 1514,1341"/>
        <TextEquiv>
          <Unicode>Acabeume la sardina.</Unicode>
        </TextEquiv>
      </TextLine>

      
      
      <TextLine id="r_2_1l25" >
        <Coords points="1520,1423 1520,1367 1571,1367 1571,1425 1568,1451 1518,1451"/>
        <Baseline points="1523,1425 1572,1427"/>
        <TextEquiv>
          <Unicode>VII</Unicode>
        </TextEquiv>
      </TextLine>

      
      
      <TextLine id="r_2_1l26" >
        <Coords points="1194,1509 1191,1410 1396,1403 1399,1403 1399,1403 1401,1403 1401,1403 1401,1403 1404,1403 1462,1441 1485,1456 1609,1458 1609,1519 1604,1534 1189,1519"/>
        <Baseline points="1196,1511 1221,1511 1247,1511 1273,1511 1299,1511 1325,1511 1351,1511 1377,1512 1403,1512 1428,1512 1454,1512 1480,1514 1506,1514 1532,1515 1558,1516 1584,1517 1610,1520"/>
        <TextEquiv>
          <Unicode>A cinch la tersa s&#39; afina!</Unicode>
        </TextEquiv>
      </TextLine>

      
      
      <TextLine id="r_2_1l27" >
        <Coords points="1151,1552 1148,1499 1588,1522 1588,1559 1586,1572 1148,1572"/>
        <Baseline points="1152,1553 1177,1551 1203,1551 1229,1551 1254,1551 1280,1550 1306,1550 1331,1550 1357,1551 1383,1551 1409,1551 1434,1552 1460,1553 1486,1554 1511,1554 1537,1557 1563,1557 1589,1560"/>
        <TextEquiv>
          <Unicode>A cinch la menjada bona!</Unicode>
        </TextEquiv>
      </TextLine>

      
      
      <TextLine id="r_2_1l28" >
        <Coords points="1163,1587 1163,1552 1598,1554 1598,1600 1593,1615 1158,1608"/>
        <Baseline points="1164,1589 1189,1590 1215,1592 1240,1592 1266,1593 1291,1593 1317,1593 1343,1593 1368,1593 1394,1593 1419,1593 1445,1593 1471,1594 1496,1595 1522,1595 1547,1597 1573,1598 1599,1601"/>
        <TextEquiv>
          <Unicode>á cinch, à cinch la sardina,</Unicode>
        </TextEquiv>
      </TextLine>

      
      
      <TextLine id="r_2_1l29" >
        <Coords points="1166,1630 1166,1595 1588,1600 1667,1585 1669,1638 1664,1658 1161,1651"/>
        <Baseline points="1167,1632 1192,1631 1217,1631 1242,1630 1267,1629 1293,1629 1318,1629 1343,1631 1368,1631 1393,1632 1419,1633 1444,1634 1469,1635 1494,1635 1519,1636 1545,1637 1570,1638 1595,1638 1620,1638 1645,1640 1671,1640"/>
        <TextEquiv>
          <Unicode>que ja &#39;n tinch per poca estona.</Unicode>
        </TextEquiv>
      </TextLine>

      
      
      <TextLine id="r_2_1l30" >
        <Coords points="1204,1671 1204,1630 1649,1640 1652,1678 1647,1701 1199,1696"/>
        <Baseline points="1206,1673 1232,1672 1258,1671 1284,1671 1311,1670 1337,1670 1363,1671 1390,1671 1416,1671 1442,1673 1468,1674 1495,1674 1521,1676 1547,1677 1574,1678 1600,1679 1626,1679 1653,1680"/>
        <TextEquiv>
          <Unicode>Que s&#39; acaba! Vingui, noya;</Unicode>
        </TextEquiv>
      </TextLine>

      
      
      <TextLine id="r_2_1l31" >
        <Coords points="1156,1711 1156,1668 1611,1681 1611,1716 1606,1736 1151,1726"/>
        <Baseline points="1157,1713 1182,1712 1207,1712 1233,1712 1258,1712 1283,1713 1309,1713 1334,1713 1360,1713 1385,1713 1410,1713 1436,1715 1461,1715 1487,1716 1512,1716 1537,1716 1563,1717 1588,1718 1614,1718"/>
        <TextEquiv>
          <Unicode>no pot se á menos de cinch.</Unicode>
        </TextEquiv>
      </TextLine>

      
      
      <TextLine id="r_2_1l32" >
        <Coords points="1163,1749 1163,1711 1609,1719 1611,1757 1606,1779 1158,1769"/>
        <Baseline points="1164,1751 1190,1752 1216,1752 1243,1752 1269,1754 1296,1754 1322,1754 1348,1754 1375,1755 1401,1755 1428,1755 1454,1756 1480,1757 1507,1757 1533,1757 1560,1758 1586,1758 1613,1758"/>
        <TextEquiv>
          <Unicode>Aqui no hi ha cap amploya:</Unicode>
        </TextEquiv>
      </TextLine>

      
      
      <TextLine id="r_2_1l33" >
        <Coords points="1161,1792 1161,1752 1553,1754 1555,1795 1550,1815 1156,1812"/>
        <Baseline points="1163,1794 1189,1794 1215,1793 1241,1793 1267,1793 1294,1793 1320,1793 1346,1793 1372,1794 1398,1794 1425,1794 1451,1794 1477,1795 1503,1796 1529,1796 1556,1797"/>
        <TextEquiv>
          <Unicode>tot es bo lo que jo tinch!</Unicode>
        </TextEquiv>
      </TextLine>

      
      
      <TextLine id="r_2_1l34" >
        <Coords points="1191,1835 1189,1795 1692,1790 1695,1843 1690,1876 1543,1850 1186,1848"/>
        <Baseline points="1194,1838 1219,1837 1244,1836 1269,1835 1294,1835 1319,1833 1344,1833 1370,1833 1395,1833 1420,1833 1445,1833 1470,1835 1495,1835 1520,1836 1546,1836 1571,1838 1596,1838 1621,1839 1646,1841 1671,1842 1697,1844"/>
        <TextEquiv>
          <Unicode>¿A quatre diu? qu&#39; es berruga!</Unicode>
        </TextEquiv>
      </TextLine>

      
      
      <TextLine id="r_2_1l35" >
        <Coords points="1156,1870 1156,1825 1626,1845 1629,1881 1624,1898 1151,1888"/>
        <Baseline points="1157,1872 1183,1872 1209,1873 1236,1874 1262,1874 1288,1874 1315,1874 1341,1874 1367,1874 1394,1875 1420,1875 1446,1875 1473,1876 1499,1877 1525,1877 1552,1878 1578,1879 1604,1880 1631,1883"/>
        <TextEquiv>
          <Unicode>Vingui! aixís me la acabés...</Unicode>
        </TextEquiv>
      </TextLine>

      
      
      <TextLine id="r_2_1l36" >
        <Coords points="1163,1911 1163,1870 1619,1883 1621,1919 1616,1946 1257,1929 1247,1931 1211,1941 1209,1941 1209,1941 1209,1944 1206,1941 1206,1941 1204,1941 1156,1926"/>
        <Baseline points="1164,1913 1189,1914 1214,1914 1240,1916 1265,1916 1291,1916 1316,1916 1342,1916 1367,1916 1393,1916 1418,1916 1443,1916 1469,1916 1494,1916 1520,1916 1545,1917 1571,1917 1596,1919 1622,1920"/>
        <TextEquiv>
          <Unicode>A quatre, á quatre y no mes</Unicode>
        </TextEquiv>
      </TextLine>

      
      
      <TextLine id="r_2_1l37" >
        <Coords points="1156,1951 1156,1908 1576,1924 1576,1961 1576,2010 1533,2030 1533,2030 1530,2030 1530,2030 1530,2030 1528,2030 1528,2030 1447,2017 1411,2027 1409,2027 1409,2027 1409,2027 1406,2027 1406,2027 1404,2027 1404,2027 1335,1999 1330,1999 1328,1999 1272,2015 1270,2015 1270,2015 1267,2015 1267,2015 1267,2015 1151,1992"/>
        <Baseline points="1157,1953 1183,1954 1209,1956 1235,1956 1262,1956 1288,1958 1314,1958 1341,1958 1367,1958 1393,1958 1420,1958 1446,1959 1472,1959 1499,1959 1525,1961 1551,1962 1578,1964"/>
        <TextEquiv>
          <Unicode>la sardina que bellugal...</Unicode>
        </TextEquiv>
      </TextLine>

      
    </TextRegion>
    

    
  </Page>
</PcGts>
