1707 2313
840 48 889 117 10
244 109 1463 171 vió encumbrado con tantas honras, vitores y aclamaciones que en al¬
248 163 1467 219 tas voces le llamaban EL SALVADOR DEL MUNDO, y con todos pre¬
256 212 1471 264 cedió tan humilde que no salió jamás de su boca una palabra siquiera
246 252 1456 312 de vanidad, ni mostró complacencia alguna de las honras y pompas;
252 298 1465 358 antes con todos se hizo muy tratable y humano y por esto le querian
248 345 565 400 entrañablemente.
302 370 1479 441 Si bien sirvió la casa de Putifar, mejor sirvió el reino de Faraon,
250 424 1467 487 Con suma prudencia, exquisita solicitud y fidelidad inviolable, fué
246 468 1465 531 visitando él por si todas las provincias de Egipto, y recogiendo granos
252 514 1467 580 para que su pueblo no pereciese de hambre en los siete años de
250 566 457 622 esterilidad.
312 601 1475 666 Llegaron estos, y entonces fué cuando el pueblo todo imploró la
254 645 1458 705 misericordia de su rey, quien le consolaba diciéndole: Sosegaos hi¬
256 695 1465 755 jos; id á José que él os socorrerá. Y efectivamente José á todos
248 736 1473 799 consolaba y socorria, volviéndose á sus casas alegres y contentos,
256 782 1467 836 aplaudiendo la misericordia de su rey y el buen gobierno de su con¬
252 828 580 884 sejero y ministro.
314 873 1477 929 Jamás conoció el rencor; nada nos dice la Sagrada Escritura de
260 909 1473 973 la mujer de Putifar; pero es seguro que José no se volvió á acordar de
252 956 1471 1021 ella, y lo prueba la bondad con que abrió sus brazos á los mismos
254 998 767 1069 que habian querido matarle.
740 1077 970 1150 CAPITULO V
250 1177 1479 1247 Los hermanos de José pasan á Egipto á comprar trigo.—El los conoce y
285 1233 1477 1283 trata con aparente severidad y dureza.—Por último, dejando á Simeon
298 1266 1473 1329 en prision, les deja volver á la tierra de Canaan, con la condicion de
297 1314 825 1374 que le han de traer á Benjamin.
325 1389 1471 1451 Bien pronto se resintió la tierra de Canaan de esta grande esteri¬
273 1437 1483 1495 lidad, y sabiendo Jacob que en Egipto se vendia trigo, envió á sus
268 1484 1483 1547 hijos para que compraran el necesario para la familia. José los reco¬
256 1526 1481 1586 noció al momento y tuvo que violentarse para no arrojarse en sus
264 1568 1481 1634 brazos. Mas fingiendo ceño y aspereza les trató como á espías que
258 1621 1485 1676 iban con la escusa del trigo, á reconocer las fortificaciones y puntos
264 1667 1344 1719 más flacos de la ciudad para dar cuenta de ello á los amigos.
322 1707 1471 1761 Para sincerarse los hermanos de José, le respondieron que esta¬
264 1748 1481 1811 ban muy lejos de ser traidores; que su condicion era apacible, que
273 1800 1483 1854 eran todos hijos de un mismo padre que se habia quedado en Canaan
270 1840 1481 1898 con el menor de los hermanos.—José les contestó finalmente que
264 1879 1485 1944 para estar seguro de la verdad, uno de ellos que se quedara preso en
264 1933 1469 1981 rehenes, mientras le traian y le presentaban el menor de los herma¬
258 1967 1487 2027 nos.—Tocó la suerte á Simeon, que fué encerrado al momento. Hecho
254 2010 1490 2085 esto, les dió licencia para marchar con sus cargas de trige; pero el
