1734 2362
803 72 849 135 9
271 116 1430 190 Respondió «José: el sueño del rey una misma cosa es: lo que ha
208 175 1414 240 de hacer Dios, lo ha mostrado á Faraon. Las siete vacas hermosas y
208 220 1428 279 las espigas llenas, son siete años de abundancia, y comprende una
206 267 1426 324 misma significacion del sueño. Asimismo las siete vacas flacas y este¬
210 310 1430 372 nuadas que subieron en pos de aquellas, y las siete espigas delgadas
212 358 1432 419 y picadas del viento abrasador, son siete años del hambre que ha de
214 401 1414 458 venir. Los cuales se cumplirán con este órden: Hé aquí que vendrán
206 438 1416 505 siete años de grande fertilidad en toda la tierra de Egipto, á los cuáles
200 486 1416 547 sucederan otros siete años de una esterilidad tan grande, que será
208 531 1428 592 echada en olvido toda la abundancia pasada; porque el hambre ha
206 574 1414 637 de consumir toda la tierra, y la grandeza de la carestía ha de acabar
200 623 1408 679 con la grandeza de la abundancia. Y en cuanto al segundo sueño
197 661 1416 720 que viste y que pertenece á una misma cosa, es un indicio de firmeza
204 714 1280 769 por ser palabra de Dios y de que se cumplirá cuanto antes.»
258 749 1408 807 Dicho esto aconsejó al rey que buscara un varon sábio é indus¬
200 793 1408 858 trioso y que le hiciera gobernador de la tierra de Egipto; le aconsejó
193 838 1416 891 que hiciera construir grandes graneros y almacenar en ellos todo el
193 889 1402 942 trigo que fuera posible para echar mano de él en los años de hambre,
193 929 1404 982 y á la par de estos le dió otros muchos consejos que á todos los sábios
191 968 1404 1027 Ilenaban de asombro. Admirado Faraon de tanta sabiduria en un
191 1015 1400 1070 hombre tan jóven y tan oscuro, creyó que nadie mejor que él podia
195 1056 1393 1118 ejecutar lo que tambien aconsejaba. Admitió José con toda humildad
189 1102 1393 1165 la honra que su rey le hacia, y ofrecióle cumplir con toda la sabi¬
189 1149 1400 1204 duría que el Señor le concediera. No se contentó Faraon con agregar
185 1190 1393 1251 á su honorífico cargo ricos presentes de gran valor, sino que hasta
183 1238 1404 1291 colocó en su mano su mismo real anillo, y le casó con Aseneth, hija.
187 1275 1397 1338 de uno de los principales pontífices de la ciudad de Heliópolis. Hízole
181 1322 1399 1381 subir en un carro triunfal, en el que habia un pregonero puesto de
179 1364 1391 1425 rodillas, y mandó que le pasearan por toda la ciudad para que el
183 1407 1391 1468 Egipto entero se postrara ante él y le reconociese como su Soberano
169 1454 1389 1515 Superintendente y que nada debia hacerse sin su órden, pues gozaba
181 1497 1395 1553 de toda su real privanza.—Segun San Gerónimo el nombre que dió
177 1537 1213 1600 Faraon á José era sinónimo de SALVADOR DEL MUNDO.
250 1584 1391 1645 Como todo cuanto hacia José lo hacia tan solo por inspiracion
169 1631 1379 1684 divina, todo cuanto emprendia le salia á medida de su deseo.—Fa¬
173 1669 1385 1732 raon cada vez más complacido del tino y fidelidad de José, no sabia
169 1716 752 1777 como remunerarle sus servicios.
250 1755 1373 1818 Vamos á exponer de paso algunas consideraciones para mientras
167 1808 1363 1860 dejamos á José haciendo el acopio de granos para los años de cares¬
165 1850 1367 1909 tía.—Ante todo es muy de alabar un jóven de su edad, pues solo
159 1891 1365 1948 contaba 30 años, en medio de una nacion extranjera idólatra, ha¬
165 1934 1379 1995 ber conservado una inviolable devocion toda su vida, en la religion
161 1976 1379 2033 de sus santos padres, sin alterar el servicio de su Dios con alguna
155 2021 1381 2100 mancha de supersticion de los Egipcios. Modesto sin afectacion, se
1067 2068 1087 2159 2
