1753 2480
157 88 706 173 Me ha dit lo cort ab dolssura
121 159 715 223 que an aquet carré 'm deturés,
126 206 568 268 y observo sense locura
124 243 696 310 que 'ls estels bríllan mol mes,
128 295 665 374 la nit es mes fresca y pura.
161 367 651 438 Ya veus que vay estimán
124 421 638 489 hasta 'l carré que tú vius;
132 471 535 535 podrias aná agüaitán,
121 512 622 578 y per véure com sonrius
121 555 595 620 solét te estich aguardán.
163 638 651 708 Soch home sense fortuna,
126 696 593 756 no me aconssola ningú ;
121 744 620 795 de cosa sols ne vull una:
130 775 678 845 ¡ Ay si at pogues tindre á tú
130 830 603 888 cuan me reparo la lluna.
163 892 696 971 Dihuen que 'l Sol es brillán
132 952 733 1020 que ab lo Sol tot lo mon creix
134 1006 620 1068 y tambè mon amor gran,
138 1041 630 1113 y al mirá com resplandeix
124 1091 649 1175 sembla que te estich mirán.
407 1167 452 1240 6.
171 1206 582 1285 Vay alguna matinada
134 1266 613 1335 al cam alegre y hermós:
138 1316 704 1378 am sembla que at vey, hermosa
130 1359 613 1428 entre mitx de tantas flós.
171 1438 729 1510 La campiña mol me agrada,
134 1488 541 1552 y lo Sol veurer surtí
144 1535 587 1593 y com brilla la rosada ;
134 1574 593 1645 á veurer si at trobo allí
130 1624 539 1694 vay alguna matinada.
183 1700 669 1773 Si ans podem uní los dos
138 1760 595 1822 com desitjo, desseguida,
138 1810 539 1864 ab un cariño amorós
136 1847 595 1911 passarém la nostre vida
138 1901 599 1975 al cam alegre y hermós,
179 1965 744 2039 Com tú 'm semblas una rosa
136 2021 562 2085 sempra sento ton oló :
130 2064 704 2132 cuan mon cor dorm y reposa
132 2120 640 2172 ab los suspirs que fay yó,
134 2155 766 2246 am sembla que at vey, hermosa.
878 99 1335 171 Soch un amant virtuós,
826 157 1306 217 y per tú tinch un jardí
839 200 1316 260 mol balsámich y olorós;
835 241 1242 314 tú serás la reina allí
839 289 1329 363 entre mitx de tantas flós.
1103 353 1145 429 7.
870 393 1304 483 No sossego nit ni dia
841 460 1380 522 no dormo ni un sol momen
831 512 1401 570 te tinch sempre á totas horas
833 555 1331 622 dintre del meu pensamen.
884 630 1354 706 Yo busco sempre alegría
841 686 1314 748 y no la trobo ab ningú
839 735 1292 797 perque tinch una manía
837 772 1382 847 que si no ’t puch véure á tú
835 830 1250 892 no sossego nit ni dia.
886 901 1399 971 Tinch uns ratos de torment
833 946 1405 1014 cuan penso que ets tan bonica
839 1002 1411 1060 y que vals per mes de cent :
841 1039 1337 1105 No sossego gens ni mica;
845 1087 1399 1155 no dormo ni un sol moment.
882 1157 1424 1242 Yo ploro y tú may no ploras
843 1215 1451 1287 de tan fort que at duch lo amor
847 1271 1399 1330 tú potsé may no me enñoras,
847 1312 1298 1374 y yo ficada al meu cort
849 1359 1416 1430 te tinch sempre á totas horas.
874 1432 1374 1504 Per tú visch yo solamen;
847 1488 1424 1547 tots som fills de Adan y Eva:
841 1533 1269 1593 y mol alegre y contén
849 1570 1403 1638 també at tinch yo filla meva
837 1620 1345 1694 dintre del meu pensament.
1124 1694 1170 1769 8.
878 1733 1405 1820 Cuan dichós será aquell dia
847 1798 1341 1866 que yo at donaré la má;
845 1847 1256 1905 cuanta sor tindria yo
845 1878 1308 1967 si aixó pogués se demá.
884 1961 1341 2039 Pot sé ton cor no sabia
839 2017 1370 2074 lo que « yo te estimi tan »;
845 2064 1277 2122 estimarte mes voldria,
851 2112 1351 2172 per aixó yo estich cantán
853 2153 1438 2246 « Cuan dichós será aquell dia.
