1695 2355
844 11 927 76 16
263 76 1488 151 levantóles José con las lágrimas en los ojos, y prometióles que su ca¬
263 137 1494 190 riño fraternal no cambiaria nunca, añadiendo: no califiqueis, amados
269 172 1490 233 hermanos mios, de crímen lo que conmigo hicisteis: Dios lo tenia de¬
274 217 1406 278 terminado así, y sus altos juicios deben ser siempre respetados.
324 261 1492 323 Con toda amistad iban viviendo, sin que nunca José mostrase
263 310 1492 366 preferencia por este ó por aquel, y sus hermanos y la familia toda
271 355 1145 408 le idolatraban por su noble y generosa conducta.
328 394 1482 453 Mas como en este mundo todo tiene fin, y como todo lo que nace
267 439 1482 494 debe morir, sintiendo el Santo Patriarca que la muerte se acercaba,
263 478 1486 539 llamó al derredor de la cama á todos los suyos y les dijo como iba á
255 525 1478 584 abandonar este mundo dentro de breves instantes; pero que no te¬
265 569 1486 631 miesen, que Dios les visitaria y haciéndoles salir á su tiempo de Egip¬
269 616 1476 675 to para la tierra de Promision que habia prometido á Abraham, Isaac
261 665 1484 722 y Jacob, y que en su salida obraria con ellos muchas maravillas. Díjo¬
269 704 1484 767 les asimismo que cuando para ella saliesen llevasen consigo sus hue¬
261 753 1482 804 sos, para sepultarlos en el sepulcro de sus padres. Dichas estas pala¬
261 792 1475 849 bras, murió el Santo Patriarca á la edad de 110 años, habiendo man¬
261 841 1313 898 dado 80 en Egipto, segun el parecer de algunos escritores.
318 883 1480 940 Fué embalsamado su cuerpo, y su muerte llorada por todo Egipto.
257 926 1469 985 Hiciéronsele magníficos funerales y el cadáver fué colocado con gran
261 967 893 1034 pompa cerca de los reales sepulcros.
318 1014 1467 1071 Algunos autores aseguran que fué José honrado como á un Dios
249 1063 1467 1114 entre los Egipcios, bajo el nombre de Sérapis, fundándose en las di¬
245 1104 1459 1161 ferentes etimologías de este nombre, que segun todos manifiesta el
251 1146 1467 1204 bien que José habia hecho en Egipto, por la fertilidad que le habia
253 1191 1380 1256 proporcionado, de la cual era el símbolo el buey llamado Apis.
306 1242 1469 1297 Las profecías y los deseos de José fueron cumplidos.—Sus huesos
243 1281 1457 1336 descansaron en el sepulcro de sus padres, y los Ismaelitas habitaron
245 1324 1400 1395 la tierra que Dios habia prometido á Abraham, á Isaac y á Jacob.
793 1656 887 1734 FIN.
