1860 2629
120 177 710 284 y ab la excusa del probar
125 243 712 328 ¿saben que fa ? Ilaminejar.
125 295 710 381 No surt un plat ni platet
129 339 710 425 que ella no n' fassi l' tastet,
122 396 712 473 y quant entra en lo rebost,
118 438 710 530 ja fa ben bè l' seu agost,
118 481 631 578 com diuhen en castellá:
114 541 629 626 no deixa res per tastá.
118 580 715 668 Si arriva á la llangonissa,
107 633 754 725 li dòna tan gran pallissa,
107 690 754 773 que ja l's dich que se hi coneix.
107 727 699 821 Ab lo demés fa l' mateix,
118 784 701 869 tant ab l' arrop com las nous,
116 830 701 913 y fins si pot ab los ous.
118 876 699 970 Y quant me va á comprar res,
114 935 701 1016 també m' fa córrer diners,
105 974 699 1064 com la de donya Pilar:
107 1027 704 1110 sempre m' embrolla al contar.
105 1073 699 1165 Després compra, golosinas,
116 1130 701 1204 caramel-los, pastas finas,
105 1169 699 1257 quant no alguna taronja
109 1215 701 1310 ó bè algun mató de monja :
105 1275 699 1347 ja se sab ben arreglá.
96 1321 699 1402 Per béurer ¿saben que fa?
100 1373 699 1450 se posa mitg. vas de vi,
96 1424 701 1498 y ab aygua l'acaba de umplí.
109 1459 699 1544 De aygua sola no n' beu gens,
96 1509 699 1592 ha de ser ab ingredients :
94 1564 721 1647 y si acás ne veu un glop,
107 1608 721 1700 ha de ser ab aixarop,
94 1662 721 1743 ó bè sucre, ó bè orxata
96 1706 721 1792 ó rosega xocolata...
96 1754 721 1842 Vamos, té un paladá
98 1800 721 1890 de alló mes gurmant que hi ha.
96 1855 723 1945 Es dir, que entre llaminera,
96 1906 723 1989 poch fiada y tafanera,
100 1960 736 2037 n' estich tipa pec demés
96 2004 739 2085 com que acabat aquest mes,
107 2048 736 2133 ja la penso despalxá...
103 2105 736 2190 Y que molt bè que fará,
100 2144 741 2232 li respongué donya Agnes,
96 2206 741 2276 que encara no havia, dit rés.
96 2249 739 2322 Igual que faré ab la meva,
92 2298 697 2377 que es una semblant ab la seva:
100 2348 721 2440 perque m' pren tot lo que pot
1055 199 1647 295 per regalarho al xicol.
1048 271 1438 343 Ahir la vaig atrapar,
1048 317 1636 394 que mentres treya l' dinar,
1046 365 1638 451 n'estava omplint una olleta,
1046 414 1627 492 ab la seva escudelleta,
1037 462 1636 538 ab, lo seu bocí de carn,
1048 512 1636 593 y tocino y... endavant
1037 560 1638 646 Axí que ho tingué arreglat,
1039 600 1638 694 ho va posar ben desat,
1044 652 1640 742 esperant la ocasió
1044 703 1609 790 pera portarho al minyó:
1041 755 1638 834 y per cert que no será
1044 804 1638 882 de ahir sols que axó fará.
1035 856 1636 926 Quant surt per donar un vol
1033 896 1612 981 ab los noys, ó á pendre l' sol,
1033 942 1636 1029 me l's deixa per tot arreu,
1030 994 1636 1077 y en seguida la veuréu
1033 1042 1638 1128 fentla patá ab lo promés:
1030 1097 1638 1183 sens cuydarse de res mes.
1033 1139 1636 1233 L' altre dia festejant.
1041 1196 1528 1266 passá un carro per devant,
1033 1242 1656 1323 li tira un dels noys per terra,
1039 1296 1653 1375 y ab un poch mes me l''esguerra.
1035 1338 1634 1421 ¿Y axó tinch de soportar?
1033 1386 1631 1476 Nó, nó, la vull despatxar :
1033 1439 1631 1524 y ¿saben que tinch pensat?
1035 1481 1631 1575 que buscaré un bon criat,
1033 1529 1651 1625 y deixarme de criadas
1033 1581 1656 1671 per estalviarme enrabiadas.
1037 1634 1653 1724 Ben pensat, també ho faré,
1026 1680 1656 1772 donya Rita respongué.
1026 1726 1656 1809 Jo també ; fora criadas,
1026 1785 1642 1864 diuhen totas, exáltadas
1030 1831 1658 1916 y resoltas ab axó,
1026 1881 1651 1958 se desfé la reunió:
1019 1919 1656 2015 y després, de saludarse,
1026 1973 1656 2057 las quatre varen marxarse.
1022 2026 1653 2101 Jo també me despedí :
1026 2074 1649 2160 y al estar fora, de allí,
1017 2125 1649 2201 me vingué lo pensament
1026 2173 1653 2249 de escríurer encontinent
1024 2219 1618 2298 tot lo que ellas havian dit,
1028 2271 1594 2350 que es lo que ara haven llegit.
1322 2317 1379 2396 FI.
480 2405 1473 2547 Barcelona: Estampa dels Hereus de la V. Pla, carrer de la Princesa.
