1679 2307
771 59 855 113 15
198 105 1407 174 lágrimas que tan fausto suceso les hacia verter. Ya puedo morir, hijo
201 163 1413 219 mio, le decia Jacob á José, ya puedo morir contento, pues que mi
205 207 1419 271 Dios y Señor me ha hecho la merced de que te viera y te dejara vivo
209 253 576 305 despues de mis dias.
267 296 1417 355 En cuanto estuvo repuesto algun tanto del viaje, fué acompañado
205 338 1413 401 de su hijo á ver á Faraon, quien le recibió con todo el agasajo ima¬
213 390 1421 444 ginable; hízole diferentes preguntas y le dijo que hacia donacion de
207 424 1421 482 la tierra de Gesen para,él y para sus hijos y para los descendientes
217 472 1421 528 de estos. Agradecióselo Jacob y le dijo: que eran ya pasados por
211 517 1421 574 él muchos años, y que no llegaría á la edad de sus padres, que su
217 565 1417 615 muerte la consideraba cerca y antes de despedirse de él le daba la
209 597 403 657 bendicion.
276 640 1415 705 Repitióle Faraon lo mucho que le apreciaba, y despues de despe¬
209 692 1421 744 dirse y agradecerle cuanto por él habia hecho, se marchó Jacob con
211 738 1423 795 sus hijos á la tierra de Gesen, en donde cargado de años murió en el
203 786 1005 834 Señor, rodeado de toda su numerosa familia.
269 824 1421 876 Antes de morir anunció á sus hijos lo que les habia de acontecer
217 867 1421 924 en los tiempos venideros. Bendíjoles asimismo y con especialidad á
213 909 1419 972 Judá, profetizándole no faltaria el cetro de su tribu, hasta que viniese
209 953 1421 1013 el Redentor del mundo á hacerse hombre, y con su muerte á salvar
213 1001 1407 1061 el género humano. No menos llenó de bendiciones á su querido José,
215 1047 1421 1101 quien le presentó para que los bendijera á sus dos hijos Manasés y
213 1090 1419 1147 Efrain. Recibióles como suyos el moribundo, y bendiciéndoles profe¬
219 1130 1421 1190 tizó sobre ellos, y despidiéndose de todos les mandó que su cadáver
205 1174 1411 1236 fuese conducido al sepulcro de sus padres á la tierra de Canaan; y
203 1218 857 1272 dicho esto entregó su alma al Señor.
271 1257 1409 1318 Grande fué el desconsuelo de toda la familia; pero en particular
209 1311 1407 1366 el de José, quien despues de haber cubierto de besos el cadáver,
207 1351 1417 1411 mandó á sus médicos que le embalsamasen su cuerpo con ungüentos
209 1399 1417 1449 aromáticos, y así arreglado lo tuvo expuesto al público por espacio
213 1434 1417 1497 de cuarenta dias, pasados los cuales lo condujo á Canaan con todo
198 1486 728 1553 el lujo y pompa imaginables.
676 1593 953 1674 CAPITULO X.
200 1687 1415 1753 Muerte de José.—Profetiza á los suyos la salida de Egipto para la tierra de
242 1739 1425 1801 promision.—Mándales que lleven consigo sus huesos, y los sepulten en et
251 1789 619 1847 sepulcro de sus padres.
271 1872 1419 1926 Sin duda creyendo los hermanos de José que este no se habia
201 1910 1415 1970 vengado de ellos por respeto á su padre, con la muerte de este volvió
203 1955 1419 2012 el miedo que tenian, y presentándose á sus hermanos se arrojaron á
203 2005 1417 2078 sus plantas pidiéndole perdon de lo pasado y que lo echase en olvido:
