1743 2345
819 162 870 230 11
234 216 1443 287 dinero que por él habian dado se les puso secretamente en los costa¬
236 273 1447 340 les por órden de José. Cuando ellos lo advirtieron, estaban ya de¬
228 324 800 379 masiado lejos para volver atrás.
279 361 1455 420 Llegado que hubieron á su casa, dieron noticia á su padre de
228 406 1455 470 todo cuanto les habia pasado en Egipto, y el buen anciano no pudo
230 457 1445 511 contener las lágrimas al saber que querian quitarle á su hijo Benja¬
224 494 1447 560 min. Renovó este dolor el de la muerte de José, y todo el dia lo pa¬
230 543 641 597 saba sumido en llanto.
293 576 1445 642 Viendo sus hijos que era matar á su padre el tratar de la partida
224 627 1447 689 de Benjamin, dejaron pasar mucho tiempo sin hablarle una palabra
217 680 1359 736 de ello; pero la suerte de Simeon les inquietaba sobre manera.
293 717 1451 775 Cada dia iba siendo mayor la escasez del trigo, y Jacob propuso á
217 766 1447 826 sus hijos que hicieran otro viaje á Egipto. Contestáronte estos que
228 816 1447 865 era de todo punto inútil, si con ellos no iba Benjamin. Con tal res¬
230 852 1449 916 puesta se renovó el dolor del anciano.—Finalmente, á fuerza de rue¬
226 902 1437 959 gos y despues de haberle jurado Judá que velaria por su hermano,
226 943 1441 1000 les permitió que se llevaran á Benjamin.—Les mandó que tomasen
223 982 1439 1049 de los mejores frutos del país, para presentar al Gran Señor de Egip¬
226 1031 1441 1094 to, y que al mismo tiempo le llevasen doblado dinero, para pagar el
224 1078 1441 1133 que se habia traido en los costales, temiendo no hubiese sido por
226 1115 1441 1182 inadvertencia.—Llegó el momento de la partida, y entre lágrimas y
221 1172 1441 1225 sollozos dijo el Patriarca á sus hijos: Id en buena hora, hijos mios.
215 1205 1437 1266 Ruego á mi Dios que es todo poderoso, y que nunca me ha desampa¬
226 1252 1447 1311 rado, que os ampare á vosotros todos para que cuanto antes podais
236 1301 1435 1358 volver junto con el pobre Simeon y mi pequeño Benjamin, á quien
234 1336 1441 1401 pongo en vuestras manos bajo la palabra que me habeis dado, de
236 1387 1443 1449 que pongo al cielo por testigo. Ya veis que me quedo sin ningun hijo,
236 1436 1328 1500 como muerto estaré hasta tener dichosas nuevas de vosotros.
696 1534 921 1602 CAPITULO
226 1629 1435 1694 Los hermanos de José vuelven à Egipto con Benjamin, y con varios regalo
250 1678 1400 1741 para José que los récibe con mucha afabilidad y les tiene un banquete.
285 1762 1437 1836 Ocioso será decir cómo quedaría el buen Patriarca; pero pronto
232 1819 1353 1874 su dolor será cambiado en el mayor contento que esperar podia,
269 1854 1443 1922 Llegado que hubieron otra vez á la presencia de José, este los
217 1905 1431 1961 recibió con muchísima afabilidad: mandó soltar al instante á su her¬
211 1948 1439 2006 mano Simeon que habia quedado en rehenes, aceptó benignamente los
209 1991 1428 2053 regalos, y por medio del intérprete manifestó su gozo de que hubie¬
213 2042 1431 2098 sen vuelto con felicidad. Despues preguntó por la salud de su ancia¬
217 2083 1439 2145 no padre, y en fin, disimulando la grande satisfaccion que tenia de
213 2130 1443 2200 ver á Benjamin, le dijo: «¿Es este vuestro hermano pequeña de quien
