2148 3034
1490 240 1692 323 Núm. 47
632 2058 675 2151 I
303 2133 746 2222 Ara ha arribat, noyas, ara,
278 2192 705 2255 lo bo y milló de la plassa.
285 2235 771 2298 Sardina á deu !... y no es cara
280 2278 726 2343 quan va la pesquera escassa.
316 2318 794 2391 Que belluga!... Alsa, vehinas,
278 2351 642 2417 baxeu ab plats y dinés
265 2396 640 2457 á provehi de sardinas
265 2434 670 2528 á deu cuartos y no mes.
1115 1987 1518 2088 Baxeu abans de la fuga.
1072 2063 1553 2128 A deu quartos lo últim preu!
1085 2108 1482 2169 á deu la sardina, á deu;
1075 2144 1543 2229 del art, noyas, que belluga!
1429 2219 1487 2298 II
1118 2303 1568 2371 ¿No baxeu? Posemla á nou.
1082 2348 1563 2409 —Vinga. salada! axó es plata.
1070 2381 1591 2452 —¿Qué diu?... si la dem á sou?
1072 2424 1548 2540 Mal com un Ilam no la mata!
632 1431 1464 1613 LA PESCATERA CATALANA,
253 1587 1824 1734 LO CANSONÉ DE LAS BARRAQUETAS
387 1800 1702 1944 UNA PER LO POBLE BAIX
1029 1716 1072 1805 Y
