1753 2480
33 72 520 169 Es una d' aquellas criadas
37 134 620 212 que s' pot dir mes descuydadas.
35 194 520 268 Mentres que lo diná 's cou,
39 250 446 320 per la finestra del pou
35 297 463 361 Xarra com una colorra:
35 336 487 411 y arman allí tal camorra
33 386 491 465 ab un' altra que n' hi ha,
35 444 405 510 que posadas á garlá
43 485 473 553 ja no s' recordan de res.
33 527 494 599 Si la envio, pe 'ls carrés
35 584 469 651 s' encanta per tot arreu
41 622 531 702 lo mateix que un pregadeu.
24 684 460 748 Si troba per gastá taba,
28 737 454 801 s'planta com una fava,
33 772 527 855 garlant sens tocar en lloch,
31 826 551 905 sens pensar que té en lo ſoch
26 880 516 952 l'olla que s' va reventant,
35 921 456 996 ni si la estich esperant,
31 971 419 1045 ni si té ſeyna que fé :
37 1006 506 1087 vamos, no s' cuyda de ré.
35 1072 489 1142 Es á mes de descuydada,
37 1122 514 1192 xarrayra, bruta, pesada,
37 1165 456 1244 y de vagamunda molt :
28 1209 494 1289 de des que despunta l'sol
43 1258 537 1341 fins que s' ha fet negra nit,
37 1308 494 1386 sempre té l'Ilavi amanit
41 1370 473 1442 y apunt per ferla patar :
43 1409 566 1479 may se cus ni s' va á rentar:
43 1463 564 1535 ja l' véurerla m' fa quimera.
43 1512 549 1578 Jo prou li dich : cansonera,
45 1550 593 1636 ¿cóm es que vas tan deixada?
72 1601 620 1678 — Y ella m'diu : ¡ si la criada
49 1651 477 1733 aquí sempre té que fer !
86 1694 585 1775 — ¿Y quant garlas al carrer ?
49 1748 609 1818 — Y m' diu : ¿qué mal aniria,
47 1802 560 1882 si en tot lo transcurs del dia
45 1851 485 1922 no tenia una hora bona?
45 1901 500 1973 Vamos, es una minyona
41 1953 543 2019 que l' seu mal no té remey.
47 2004 527 2074 Y donchs mudi de servey,
51 2046 481 2118 respongué donya Pilar :
55 2097 467 2174 jo també vull cambiar,
53 2136 554 2221 perque la quina m' serveix,
51 2188 508 2267 de flaca semblant pateix ;
51 2240 520 2318 y mes, perque las rahons
53 2289 535 2391 las emplea ab los minyons.
959 66 1444 150 Si la envio á alguna part
957 130 1451 202 ja li puch dir : vina aviat,
965 186 1455 254 que encara no es al carrer,
961 237 1403 293 se atura ab lo taberner,
952 289 1397 345 ab lo forner ó pellayre,
959 328 1494 384 ó sinó ab lo escombrariayre :
952 372 1542 438 es á dir, que ab tots ſa bromas,
948 413 1453 493 y ls' dòna cireras, pomas,
959 477 1362 541 taronjas ó bè pinyons,
952 522 1335 586 segons las estacions.
952 558 1507 632 Al matí quant sen va á plassa
973 611 1467 684 ánsia per axó n' té massa)
959 665 1407 733 se dirigeix dret al punt
959 723 1424 783 en que té cita ab algun ;
955 766 1455 834 y axí tarda una hora mes:
959 818 1432 886 y si quant ve li dich res,
955 872 1387 930 se m' posa tota afilada,
955 901 1494 977 dihent, que está mes lligada
955 956 1442 1027 que l's presos de la presó,
959 1006 1411 1066 y no li tenen compassió.
961 1047 1451 1118 Y després té un altre mal,
959 1103 1447 1173 que es lo mes perjudicial :
957 1153 1564 1231 molts cops quant ve de comprar,
969 1202 1449 1275 després que som al contar,
963 1258 1430 1320 tots los comptes embolica
965 1308 1368 1370 pera ſerme la trafica.
973 1355 1418 1421 Vejan ¿qui podrá sufrir
967 1397 1368 1467 tan indigne procehir?
967 1450 1428 1519 ¿Y si tinch rahó sobrada
967 1492 1465 1564 per buscarme altra criada?
977 1550 1432 1614 Vaya, y molta que n' té,
967 1599 1403 1657 donya Rita respongué :
967 1647 1432 1707 minyonas tan lladragotas
967 1696 1444 1752 que vajan al diastre totas.
979 1738 1438 1800 Véuhen, la meva criada
967 1789 1436 1847 ho es bè massa de fiada :
979 1839 1496 1905 peró de axó, ¿ qué n' farém,
977 1886 1469 1948 si ja toca un altre extrem?
969 1934 1347 2004 puig es una tocason
973 1984 1444 2054 que totas las horas dorm:
981 2035 1436 2103 certa estich que dormiria
981 2091 1422 2151 un any seguit nit y dia.
977 2136 1405 2196 La crido no molt matí,
981 2180 1459 2246 y avans no s' posa á vestí,
981 2225 1475 2289 me ſa alsar la casa á crits,
973 2269 1589 2360 y ab los ulls mitg adormits
