1724 2339
934 130 975 194 6
329 181 1550 253 entrególe su señor tan del todo el gobierno de la casa, que ya él mis¬
341 237 1556 300 mo no sabia lo que tenia, contentándose con que lo supiera José: él
333 290 1556 343 que mandando en todos los criados, siendo él esclavo como ellos,
339 333 1554 382 consiguió ser querido de todos. Los bienes de Putifar en manos de
339 370 1552 430 José cada día iban en aumento. El cielo bendecia al hijo de Jacob; y
341 413 1550 471 todo cuanto éste emprendia en beneficio de su señor, el mas próospero
329 458 850 516 resultado pagaba sus afanes.
390 506 1556 559 Mas como en este mundo nada es duradero, cuando menos podia
335 545 1552 606 imaginárselo, una desgracia, pues tal puede llamarse, hizo desapare¬
335 598 1558 651 cer toda la felicidad de que gozaba, poniendo su virtud en el más
327 635 916 693 alto grado de esplendor y gloria.
403 678 1556 740 La juventud y hermosura de José, fueron cautivando el corazon
335 723 1562 777 de su ama, creciendo el amor hasta el extremo de convertirse en fu¬
337 771 1556 828 riosa pasion. En vez de combatirla daba ella misma pábulo à su
329 812 1548 873 adúltero intento y no perdonaba medio para tentar al incauto José.
337 857 1556 918 Mas este con una virtud á toda prueba procuraba y apartaba los ojos
327 906 1560 958 de su señora cuando esta fijaba lascivamente en él los suyos. Por más
333 945 1558 1005 que buscaba ella ocasiones, José las huia, hasta que ya un dia no
337 990 1550 1052 pudiendo contenerse, siendo su pasion mayor que todo su decoro y
337 1040 1562 1095 dignidad, espuso sin rebozo y con toda claridad su intento al jóven
327 1085 561 1136 mayordomo.
391 1118 1552 1187 Resistióse José, afeándole al mismo tiempo su comportamiento;
337 1169 1558 1231 pero ni el desprecio, ni las razones, ni el deber de esposa encontraron
329 1220 1564 1270 eco en ella. Vuestro esposo y mi señor, la decia José, que me compró
329 1259 1556 1319 por muy poco dinero, satisfecho de mi conducta me ha confiado su
327 1303 1556 1360 casa y sus intereses todos, y yo seria un infame si no me portara
335 1348 1556 1407 como él se merece. ¿De qué castigo no sería yo digno si mancillando
323 1399 1550 1452 su honra, pago los beneficios con agravios? Y aun cuando no me obli¬
331 1440 1560 1496 gara lo que á vuestro esposo debo, aun cuando no me obligara mi
325 1483 1552 1543 honradez para ofender á un hombre, el ser ofensa de Dios fuera freno
335 1528 1552 1590 que corrigiera mis desmanes; «¿pues cómo puedo hacer maldad y
331 1574 735 1635 pecar contra mi Dios?»
390 1611 1558 1674 Insistia su ama en su lascivo intento, y José en disuadirla; pero
335 1668 1552 1717 ella ciega y desesperada apeló à la fuerza, y hallándose en una oca¬
333 1703 1550 1765 sion á solas con José, quiso conseguir á la violencia lo que con per¬
323 1754 1560 1804 suasiones no habia conseguido. En apuro tal el casto jóven, no vió
329 1793 1552 1849 otro camino más que la fuga; pero advirtiéndolo su señora, le agarró
337 1836 1558 1896 de la capa para detenerle, mas en vano: el virtuoso pudo disasirse y
331 1882 1078 1939 el manto quedó en manos de la adúltera.
393 1929 1562 1980 Viéndose de tal manera burlada, cambió de repente el amor en
343 1968 1556 2032 tra, y juré vengarse de quien tan mal habia pagado sus lascivos de¬
337 2013 1558 2073 seos. En cuanto llegó su marido se fué á él y presentándole la capa
331 2058 1556 2120 de José, valiéndose de mil zalamerías, le contó como el jóven la
343 2105 1558 2179 habia querido seducir; que no habiendo alcanzado nada con ha¬
