1724 2326
919 96 954 172 4
329 145 1532 213 mas mirado elante de sus hermanos; pues conoció que estos no po¬
331 201 1537 267 drian menos de envidiarle y mirarle con malos ojos, como efectiva¬
310 248 585 308 mente sucedia.
376 286 1533 356 El deseo de vengarse del inocente José, era el único pensamíento
312 345 1526 395 que dominaba en sus hermanos, y lo satisfacieron del modo siguien¬
310 383 1528 447 te. Un dia en que estaban apacentando los ganados, envió Jacob á
314 430 1512 488 su hijo á que viese lo que estaban haciendo sus hermanos. En cuan¬
306 471 1516 529 to le vieron ellos se reunieron diciéndose el uno al otro: allí viene el
306 527 1516 581 soñador ¡qué magnífica ocasion para vengarnos de él! Matémosle,
306 564 1516 626 y arrojando el cadáver á una cisterna ya no nos incomodará más, y
306 612 1516 664 así no hay cuidado de que pueda nunca descubrirse nuestra accion.
300 653 1506 717 Para quitar toda sospecha á nuestro padre despedazaremos su túnica,
302 697 1522 759 la que teñida con sangre de un cordero le haremos creer que una
306 742 1512 800 fiera le ha devorado, lo cual demostrará la túnica ensangrentada y
294 783 568 854 hecha pedazos.
356 831 1512 893 Ruben, el mayor de los hermanos, hizo cuanto le fué posible
304 876 1520 943 para que abandonasen tan perversa determinacion, diciéndoles que
290 928 1516 978 no matasen á José, que se acordaran que eran hermanos suyos, que
296 969 1510 1023 tenian su misma sangre; que para vengarse de él bastaba con arro¬
290 1007 1510 1071 jarle á una cisterna de las que allí habia, dejando que el hambre y la
288 1058 1504 1120 sed le dieran la muerte. Esto les decia con el único objeto de salir
288 1100 1502 1161 del paso, pues él pensaba sacarle despues y conducirlo á su anciano
298 1151 403 1207 padre.
345 1194 1514 1250 Conformáronse todos con el parecer de Ruben y así que llegó á
287 1234 1499 1294 ellos el inocente José, en vez de corresponder á sus caricias, le co¬
281 1285 1497 1341 gieron entre todos y despues de haberle quitado la túnica, le ataron
279 1333 1502 1382 una cuerda á la cintura y le bajaron á una cisterna, que estaba sin
271 1370 1000 1432 agua, para que en esta acabara sus dias.
333 1411 1500 1469 Sentáronse luego cerca de la cisterna, y con toda tranquilidad
273 1457 1499 1519 pusiéronse á comer; pero como no podia menos de suceder, la con¬
275 1511 1495 1564 versacion recayó sobre la accion inícua que habian cometido. Sin
283 1544 1497 1604 duda, y es muy natural, José desde el fondo de la cisterna clamaria
273 1587 1487 1651 á sus hermanos demandando compasion; pues estos fueron ablandán¬
267 1635 1489 1699 dose, y conociendo por fin que era una infamia obrar de tal modo
269 1684 1487 1744 con un inocente, que á más era su propio hermano, mudaron todos
281 1723 467 1785 le parecer.
318 1763 1487 1833 Estando en esto vieron pasar por aquel sitio á unos Ismaelitas
275 1814 1483 1874 que iban á Egipto á vender sus mercancías, y Judá dijo á sus her¬
265 1862 1495 1913 manos, que era de parecer que más valía que matar á José, venderle
263 1903 1487 1961 á aquellos mercaderes, los que se lo llevarian á lugares donde no
265 1948 1493 2002 sabrian más de él. Aprobaron todos tal pensamiento, y sacando de la
267 1984 1485 2054 cisterna al jóven cautivo lo llevaron á los Ismaelitas para ofrecérselo
263 2033 1483 2108 en venta. Aceptaron estos, y dando por él veinte dineros, siguieron
259 2075 709 2145 su camino hácia Egipto.
