1690 2351
923 72 972 141 8
321 125 1550 191 la copa de Faraon, que tenia en sus manos, y se lo habia servido.
335 182 1550 239 —Soñó el panadero que llevaba tres cestas de harina en la cabeza y
321 219 1544 282 le parecia que en la que estaba encima de todas, habia cosas muy deli¬
321 272 1546 327 cadas de su oficio, las que iban á arrebatarle las aves que al derredor
323 309 697 370 de ella revoloteaban.
380 358 1544 415 Encomendóse José de corazon al Dios de sus padres, y despues
315 405 1540 458 de reflexionar algunos momentos explicó á cada uno de los dos pre¬
311 446 1535 501 sos la significacion de sus respectivos sueños. Díjoles, al panadero,
315 491 1540 550 que dentro de tres dias sufriria una muerte afrentosa, y al copero
317 536 1201 593 que en igual tiempo seria repuesto en su destino.
378 574 1540 638 Verificáronse ambas predicciones. El panadero fué ejecutado y el
311 617 1535 679 copero otra vez colocado en palacio. Antes de salir de la cárcel este
309 664 1537 724 último, rogóle José que se acordára de él y que si podia intercediera
311 715 1533 767 en su favor. Pero como en la prosperidad nadie se acuerda del que
313 754 1529 813 sufre, el servidor de Faraon llegó hasta olvidarse de su compañero
305 795 1119 858 de infortunio, del feliz intérprete de su sueño.
370 842 1531 895 Continuaba entre cerrojos el hijo de Jacob sin esperanza de salir
305 885 1529 946 de su encierro, cuando Dios que ya queria librar á su humilde siervo
303 928 1527 991 de tantas penalidades, infundió á Faraon unos sueños tan llenos de
299 979 1523 1030 misterio que ninguno de los adivinos de Egipto pudo darle una ver¬
303 1018 1527 1077 dadera solucion. Recordó entonces el desagradecido copero lo que en
301 1063 1529 1124 la cárcel le pasara, y habiéndoselo contado á Faraon, este se alegró
298 1104 1519 1169 mucho de tal noticia y mandando poner en libertad al jóven hebreo,
292 1151 1529 1216 le hizo comparecer ante su córte, y despues de hacerle mil agasajos
292 1204 1162 1261 narróle los dos sueños causa de sus inquietudes.
764 1289 1044 1349 CAPITULO IV.
292 1371 1521 1447 José interpreta los sueños de Faraon, que le dá la superintendencia de todo
835 1426 964 1485 Egipto.
350 1487 1419 1559 Sentado en su trono Faraon habló á José en estos términos:
350 1549 1517 1598 «Me parecia estar á la ribera del rio, y que subian del rio siete
286 1590 1515 1645 vacas, hermosas en extremo, y de gruesas carnes: las cuales despun¬
286 1630 1517 1688 taban la yerba verde en el pasto de la laguna, y hé aquí que á estas
282 1679 1509 1737 seguian otras siete vacas tan feas y flacas que nunca he visto otras
278 1720 1501 1778 tales en la tierra de Egipto: las cuales habiendo devorado y consumi¬
282 1763 1499 1823 do á las primeras, ninguna muestra dieron de hartura, sino que esta¬
282 1810 1497 1865 ban entorpecidas con la flaqueza y saña de antes. Despertando, y
278 1853 1507 1918 oprimido otra vez del sueño, ví este suceso: Siete espigas brotaban
282 1902 1493 1953 en una sola caña llenas y muy hermosas. Otras siete delgadas y pica¬
276 1947 1501 2004 das de tizon salian tambien de una caña; las cuales se tragaron la
284 1986 1503 2053 lozanía de las primeras. He contado á los adivinos el sueño v no hay
276 2031 682 2111 quien me lo declare.»
