1683 2353
766 174 819 237 13
186 227 1386 300 Insinuamos á mi señor: no puede el muchacho dejar á su padre por¬
182 288 1398 341 que si le dejare morirá, y dijiste á tus siervos: Si no viniere vuestro
184 327 1308 386 hermano el más pequeño con vosotros, no vereis más mi cara.»
245 376 1394 431 «Pues luego que subimos á tu siervo nuestro padre, le contamos
184 421 1398 476 todo lo que habló mi señor, y dijo nuestro padre: Volved y comprad-
176 458 1394 521 nos un poco de trigo, al cual le dijimos: No podemos ir; si nuestro
172 503 1396 560 hermano el más pequeño descendiere con nosotros iremos juntos: de
182 547 1400 603 otra manera estando él ausente, no nos atrevemos á ver el rostro del
172 590 357 658 hombre.»
239 627 1400 696 Y así le iba contando Judá á José todo cuanto habia pasado con
172 678 1382 745 su padre para que dejara venir con ellos al pequeño Benjamin, y
178 725 1380 784 finalmente le dijo que él se quedaría esclavo en vez de su hermano,
182 770 1396 825 porque de la vuelta de este dependia la vida de su padre; que si este
178 811 1398 876 llegaba á saber que su querido hijo quedaba preso por ladron, moria
174 862 409 919 sin remedio.
233 890 1388 960 No le contestó José ni una sola palabra, y dando órden para que
182 943 1402 1009 todo el mundo despejara, se quedó solo con sus hermanos, lo que
180 994 1027 1060 estaban aguardando con una horrible ansiedad.
633 1143 918 1223 CAPITULO VIII
178 1290 1378 1358 José se descubre á sus hermanos á quienes abraza con la mayor ternura: en¬
209 1345 1390 1400 terado Faraon da orden para que venga Jacob á Egipto con toda su
209 1386 1392 1439 familia. José llena de regalos á sus hermanos, y los despide para su padre.
219 1429 1384 1482 Este admirado de lo que le dicen de su hijo, se dispone para partir á Egipto.
239 1547 1380 1619 Despejado que hubieron los extraños, levantándose José del trono
170 1600 1378 1668 y con el rostro anegado en llanto, exclamó: Venid á mis brazos y
172 1651 1143 1703 cesen vuestros temores; yo soy vuestro hermano José.
235 1688 1396 1747 Atónitos quedaron todos con estas palabras y tan fuera de sí, que
174 1735 1386 1792 no acertaron á hablar en largo rato. El virtuoso José cuanto más
168 1782 1386 1835 asombrados los veia, los acariciaba más: y haciéndoles poner á todos
176 1821 963 1878 á su alrededor, les habló en estos términos:
221 1866 1384 1923 Yo soy, queridos hermanos mios, yo soy José, el mismo que ven-
170 1917 1382 1970 dísteis á los Ismaelitas para ser traido á Egipto: no os turbeis, ama¬
168 1956 1388 2017 dos mios, no os acongojeis ni temais, que Dios lo permitió todo por
170 1998 1390 2064 vuestro bien y por el mio. Dos años de hambre han pasado y aun
168 2049 1390 2102 quedan cinco, y he venido yo enviado del cielo á Egipto para susten¬
170 2090 1382 2151 taros y conservaros en este calamitoso tiempo. No sucedió por vues¬
178 2131 1400 2213 tros consejos mi venta, sino por voluntad de Dios. Y veisme aquí
