<?xml version="1.0" encoding="UTF-8"  standalone="yes"?>
<PcGts xmlns="http://schema.primaresearch.org/PAGE/gts/pagecontent/2019-07-15" xmlns:xsi="http://www.w3.org/2001/XMLSchema-instance" xsi:schemaLocation="http://schema.primaresearch.org/PAGE/gts/pagecontent/2019-07-15 http://schema.primaresearch.org/PAGE/gts/pagecontent/2019-07-15/pagecontent.xsd">
  <Metadata>
	<Creator>escriptorium</Creator>
	<Created>2021-12-11T11:57:55.027122+00:00</Created>
        <LastChange>2021-12-11T11:57:55.027161+00:00</LastChange>

  </Metadata>
  <Page imageFilename="Varios_020_3.jpg" imageWidth="1753" imageHeight="2480">

    
    <TextRegion id="r_1_1"  custom="structure {type:MainZone;}">
      <Coords points="172,61 994,54 990,2410 119,2397"/>
      
      
      <TextLine id="r_1_1l1" >
        <Coords points="274,173 274,128 512,132 523,126 535,115 535,115 537,115 537,115 537,115 539,115 539,115 541,115 599,115 599,115 599,115 601,115 601,115 601,115 603,115 618,126 630,134 696,126 704,126 704,126 706,126 706,126 713,126 781,136 800,126 808,119 810,119 810,119 812,119 812,119 812,119 814,119 814,119 816,119 839,126 884,138 919,126 924,186 921,202 502,202 500,200 469,196 378,186 272,194"/>
        <Baseline points="276,175 308,175 341,176 373,176 406,176 438,176 471,176 503,176 536,176 568,176 601,176 633,177 666,177 698,177 731,178 763,179 796,180 828,182 861,184 893,186 926,188"/>
        <TextEquiv>
          <Unicode>Ofic. Al cabo vendré á entender</Unicode>
        </TextEquiv>
      </TextLine>

      
      
      <TextLine id="r_1_1l2" >
        <Coords points="328,221 328,179 833,192 835,227 831,248 324,239"/>
        <Baseline points="330,222 355,223 380,223 405,224 431,224 456,224 481,224 507,225 532,225 557,225 583,225 608,225 633,225 658,226 684,226 709,226 734,226 760,227 785,227 810,228 836,228"/>
        <TextEquiv>
          <Unicode>muchacha que me desdeñas.</Unicode>
        </TextEquiv>
      </TextLine>

      
      
      <TextLine id="r_1_1l3" >
        <Coords points="272,272 272,225 332,225 332,225 332,225 334,225 334,225 334,225 336,225 336,225 336,225 349,237 386,227 388,227 388,227 388,227 388,227 390,227 392,227 539,239 936,237 938,279 934,297 268,291"/>
        <Baseline points="273,273 306,273 339,274 373,274 406,274 439,274 473,275 506,275 539,275 573,276 606,276 639,276 673,277 706,277 739,278 773,278 806,278 839,279 873,279 906,280 940,281"/>
        <TextEquiv>
          <Unicode>Cat. Cóm que no porto espardenyas?</Unicode>
        </TextEquiv>
      </TextLine>

      
      
      <TextLine id="r_1_1l4" >
        <Coords points="332,322 332,281 839,295 841,330 837,353 328,343"/>
        <Baseline points="334,323 359,324 384,325 410,325 435,326 461,326 486,327 511,327 537,327 562,327 588,327 613,327 638,327 664,327 689,328 715,328 740,328 765,329 791,329 816,330 842,331"/>
        <TextEquiv>
          <Unicode>Y ademés, ¿qué se n&#39; hi dona</Unicode>
        </TextEquiv>
      </TextLine>

      
      
      <TextLine id="r_1_1l5" >
        <Coords points="334,372 334,334 849,347 849,384 845,403 330,386"/>
        <Baseline points="335,372 360,373 386,374 412,374 438,375 463,375 489,375 515,375 541,375 566,375 592,375 618,375 644,375 669,376 695,376 721,377 747,378 772,379 798,381 824,383 850,385"/>
        <TextEquiv>
          <Unicode>de espardenyas ó sabatas?</Unicode>
        </TextEquiv>
      </TextLine>

      
      
      <TextLine id="r_1_1l6" >
        <Coords points="330,419 330,378 915,396 917,431 913,444 326,440"/>
        <Baseline points="331,421 360,421 389,422 419,422 448,423 478,423 507,423 536,423 566,424 595,424 625,424 654,424 683,425 713,425 742,426 772,426 801,427 830,428 860,430 889,431 919,433"/>
        <TextEquiv>
          <Unicode>Sabatas; quin cap tan vert!</Unicode>
        </TextEquiv>
      </TextLine>

      
      
      <TextLine id="r_1_1l7" >
        <Coords points="270,469 270,421 357,434 434,425 434,425 436,425 436,425 436,425 438,425 438,425 438,425 440,425 440,425 452,436 529,425 537,425 537,425 539,425 539,425 549,425 626,438 876,434 880,477 874,502 841,491 785,500 758,504 758,504 756,504 756,504 756,504 754,504 754,504 754,504 744,500 727,489 713,498 709,502 706,502 706,502 706,502 704,502 704,502 702,502 702,502 702,502 700,502 700,502 698,502 694,498 684,493 680,498 675,500 675,502 675,502 673,502 673,502 673,502 671,502 671,502 671,504 576,504 574,502 574,502 572,502 572,502 572,502 570,502 560,496 549,489 268,489"/>
        <Baseline points="271,470 301,471 332,471 362,471 393,472 423,472 454,472 484,472 515,472 545,472 576,472 607,473 637,473 668,473 698,474 729,474 759,475 790,476 820,477 851,478 882,479"/>
        <TextEquiv>
          <Unicode>Ofic. Con tus desdenes me matas,</Unicode>
        </TextEquiv>
      </TextLine>

      
      
      <TextLine id="r_1_1l8" >
        <Coords points="322,518 322,483 758,491 760,524 756,547 318,537"/>
        <Baseline points="324,519 349,520 375,520 401,521 426,521 452,521 478,521 503,521 529,521 555,521 581,522 606,522 632,522 658,522 683,523 709,524 735,524 761,526"/>
        <TextEquiv>
          <Unicode>á pesar de ser tan mona.</Unicode>
        </TextEquiv>
      </TextLine>

      
      
      <TextLine id="r_1_1l9" >
        <Coords points="272,564 272,522 754,537 905,527 907,572 903,586 268,580"/>
        <Baseline points="273,566 304,566 336,567 368,567 400,568 431,568 463,568 495,568 527,569 558,569 590,569 622,569 654,569 685,569 717,570 749,570 781,570 812,571 844,571 876,572 908,573"/>
        <TextEquiv>
          <Unicode>Cat. ¿Qué m&#39; ha dit que era jo ara?</Unicode>
        </TextEquiv>
      </TextLine>

      
      
      <TextLine id="r_1_1l10" >
        <Coords points="268,611 268,568 336,578 934,578 938,620 936,636 791,646 789,646 789,646 789,646 787,646 787,646 785,646 769,636 769,636 758,636 655,644 653,644 653,644 653,644 607,636 599,634 266,634"/>
        <Baseline points="269,613 302,613 336,614 369,614 403,614 436,614 470,615 503,615 537,615 570,616 604,616 638,617 671,617 705,618 738,618 772,618 805,619 839,619 872,620 906,620 940,621"/>
        <TextEquiv>
          <Unicode>Ofic. Muy mona. A ver si me explico.</Unicode>
        </TextEquiv>
      </TextLine>

      
      
      <TextLine id="r_1_1l11" >
        <Coords points="272,661 272,622 890,632 893,671 890,686 649,696 647,696 647,696 644,696 644,696 644,696 642,696 642,696 642,694 632,686 618,694 616,694 616,694 613,694 613,694 613,694 611,694 611,694 510,682 376,690 374,690 374,690 374,690 372,690 372,690 372,690 370,690 370,690 370,688 359,679 301,690 301,690 299,690 299,690 299,690 297,690 297,690 266,675"/>
        <Baseline points="273,662 304,663 335,664 366,664 397,665 428,665 459,665 490,665 521,665 552,665 583,665 614,665 645,665 676,666 707,666 738,666 769,667 800,667 831,669 862,670 894,672"/>
        <TextEquiv>
          <Unicode>Cat. ¿Jo mona? donchs vosté mico;</Unicode>
        </TextEquiv>
      </TextLine>

      
      
      <TextLine id="r_1_1l12" >
        <Coords points="330,710 330,673 756,675 758,719 756,735 543,741 541,741 326,725"/>
        <Baseline points="331,712 356,712 381,713 406,713 431,713 457,714 482,714 507,714 532,715 558,715 583,715 608,716 633,716 659,717 684,717 709,718 734,719 760,720"/>
        <TextEquiv>
          <Unicode>té rahó que &#39;n fa la cara.</Unicode>
        </TextEquiv>
      </TextLine>

      
      
      <TextLine id="r_1_1l13" >
        <Coords points="266,760 266,723 849,731 849,768 845,791 386,775 380,775 283,785 283,785 281,785 281,785 279,785 279,785 279,785 277,785 277,785 258,770"/>
        <Baseline points="267,761 296,761 325,761 354,762 383,762 412,762 441,762 471,762 500,763 529,763 558,763 587,764 616,764 645,764 675,765 704,765 733,766 762,766 791,767 820,768 850,769"/>
        <TextEquiv>
          <Unicode>Ofic. Con las respuestas que das</Unicode>
        </TextEquiv>
      </TextLine>

      
      
      <TextLine id="r_1_1l14" >
        <Coords points="326,808 326,777 771,783 773,816 769,839 322,826"/>
        <Baseline points="328,809 354,810 380,811 406,811 433,812 459,812 485,812 512,813 538,813 564,813 590,814 617,814 643,814 669,815 696,815 722,816 748,816 775,818"/>
        <TextEquiv>
          <Unicode>á cualquiera asombraías.</Unicode>
        </TextEquiv>
      </TextLine>

      
      
      <TextLine id="r_1_1l15" >
        <Coords points="274,859 274,818 467,828 516,820 531,818 531,818 533,818 533,818 533,818 535,818 543,820 576,830 814,824 816,868 814,890 411,890 409,888 409,888 407,888 407,888 407,888 405,888 405,888 405,888 405,886 403,886 396,878 272,886"/>
        <Baseline points="275,861 302,861 329,862 356,863 383,863 410,863 437,864 464,864 491,864 518,864 546,864 573,864 600,864 627,864 654,864 681,865 708,865 735,866 762,867 789,869 817,870"/>
        <TextEquiv>
          <Unicode>Cat. ¿A mí á las escombrarías?</Unicode>
        </TextEquiv>
      </TextLine>

      
      
      <TextLine id="r_1_1l16" >
        <Coords points="322,905 322,872 667,878 669,913 665,936 318,925"/>
        <Baseline points="324,907 350,908 377,909 404,909 430,910 457,910 484,910 510,910 537,910 564,910 590,910 617,911 644,913 671,914"/>
        <TextEquiv>
          <Unicode>no será vosté capás.</Unicode>
        </TextEquiv>
      </TextLine>

      
      
      <TextLine id="r_1_1l17" >
        <Coords points="330,956 330,911 787,921 787,963 783,985 326,973"/>
        <Baseline points="331,957 356,957 381,958 407,958 432,958 458,959 483,959 509,959 534,960 560,960 585,960 610,961 636,961 661,961 687,962 712,962 738,963 763,964 789,964"/>
        <TextEquiv>
          <Unicode>Probiu, que com hi ha dell</Unicode>
        </TextEquiv>
      </TextLine>

      
      
      <TextLine id="r_1_1l18" >
        <Coords points="330,1004 330,965 802,975 802,1016 797,1039 326,1023"/>
        <Baseline points="332,1005 358,1006 384,1007 410,1007 436,1007 462,1008 489,1008 515,1008 541,1008 567,1008 593,1009 619,1009 646,1010 672,1010 698,1011 724,1013 750,1014 776,1016 803,1018"/>
        <TextEquiv>
          <Unicode>li anirá algun roch pel cap,</Unicode>
        </TextEquiv>
      </TextLine>

      
      
      <TextLine id="r_1_1l19" >
        <Coords points="330,1056 330,1020 721,1020 723,1064 719,1082 326,1076"/>
        <Baseline points="332,1057 358,1057 384,1058 410,1058 436,1058 462,1058 488,1058 514,1058 541,1058 567,1058 593,1059 619,1059 645,1060 671,1062 697,1064 724,1065"/>
        <TextEquiv>
          <Unicode>grandíssin cara de rap,</Unicode>
        </TextEquiv>
      </TextLine>

      
      
      <TextLine id="r_1_1l20" >
        <Coords points="320,1103 320,1068 760,1076 760,1111 756,1126 316,1113"/>
        <Baseline points="321,1105 346,1105 372,1105 398,1106 424,1106 450,1106 476,1107 502,1107 528,1107 554,1108 580,1108 606,1109 632,1109 658,1109 684,1110 710,1111 736,1112 762,1113"/>
        <TextEquiv>
          <Unicode>ninot de fe pó als aucells.</Unicode>
        </TextEquiv>
      </TextLine>

      
      
      <TextLine id="r_1_1l21" >
        <Coords points="262,1151 262,1107 746,1111 746,1155 744,1167 500,1175 498,1175 498,1175 496,1175 496,1175 496,1175 477,1165 473,1165 260,1165"/>
        <Baseline points="263,1152 288,1152 314,1152 339,1152 365,1152 390,1152 416,1152 441,1152 467,1152 492,1153 518,1153 543,1153 569,1153 594,1154 620,1154 645,1155 671,1155 696,1156 722,1156 748,1157"/>
        <TextEquiv>
          <Unicode>Ofic. A un extremo llegaré</Unicode>
        </TextEquiv>
      </TextLine>

      
      
      <TextLine id="r_1_1l22" >
        <Coords points="330,1200 332,1155 365,1165 463,1159 527,1155 529,1155 529,1155 529,1155 531,1155 531,1155 531,1155 545,1161 556,1167 580,1163 613,1157 613,1157 613,1157 616,1157 740,1169 742,1204 740,1217 328,1219"/>
        <Baseline points="331,1202 356,1201 382,1201 408,1200 434,1200 460,1200 485,1200 511,1200 537,1200 563,1201 589,1202 614,1202 640,1203 666,1204 692,1205 718,1206 744,1206"/>
        <TextEquiv>
          <Unicode>que acabe mi paciencia.</Unicode>
        </TextEquiv>
      </TextLine>

      
      
      <TextLine id="r_1_1l23" >
        <Coords points="266,1248 264,1196 328,1209 378,1200 388,1198 388,1198 390,1198 390,1198 390,1198 392,1198 392,1198 396,1200 421,1211 500,1204 545,1200 547,1200 547,1200 547,1200 549,1200 549,1200 549,1200 551,1200 551,1200 551,1202 556,1206 562,1213 574,1206 582,1202 582,1202 582,1202 585,1202 585,1202 587,1202 587,1202 647,1209 680,1213 682,1211 690,1204 690,1202 690,1202 692,1202 692,1202 692,1202 694,1202 694,1202 696,1202 696,1202 696,1202 698,1202 698,1202 698,1202 700,1202 700,1202 711,1211 715,1217 835,1217 837,1256 835,1283 746,1283 744,1281 744,1281 742,1281 731,1279 694,1266 613,1275 572,1277 572,1277 570,1277 570,1277 531,1271 494,1264 477,1268 456,1275 454,1275 454,1275 454,1275 452,1275 452,1275 390,1266 367,1262 353,1264 297,1275 297,1275 295,1275 295,1275 295,1275 293,1275 293,1275 260,1260"/>
        <Baseline points="267,1249 295,1248 324,1248 352,1248 381,1248 410,1248 438,1249 467,1249 495,1249 524,1250 553,1250 581,1250 610,1251 638,1252 667,1252 696,1253 724,1254 753,1255 781,1255 810,1256 839,1258"/>
        <TextEquiv>
          <Unicode>Cat. Donchs si té tanta ciencia,</Unicode>
        </TextEquiv>
      </TextLine>

      
      
      <TextLine id="r_1_1l24" >
        <Coords points="320,1295 320,1248 649,1264 651,1304 647,1314 316,1306"/>
        <Baseline points="322,1297 347,1298 372,1298 398,1299 423,1299 448,1299 474,1299 499,1299 525,1299 550,1300 575,1301 601,1301 626,1302 652,1305"/>
        <TextEquiv>
          <Unicode>vagi á férsela valé.</Unicode>
        </TextEquiv>
      </TextLine>

      
      
      <TextLine id="r_1_1l25" >
        <Coords points="262,1347 262,1310 750,1316 752,1353 748,1368 258,1364"/>
        <Baseline points="263,1348 288,1348 314,1348 340,1348 366,1348 392,1348 418,1348 443,1348 469,1348 495,1348 521,1348 547,1349 573,1349 598,1350 624,1350 650,1351 676,1352 702,1353 728,1354 754,1355"/>
        <TextEquiv>
          <Unicode>Ofic. Voy á despedirme ya</Unicode>
        </TextEquiv>
      </TextLine>

      
      
      <TextLine id="r_1_1l26" >
        <Coords points="324,1395 324,1357 762,1361 762,1401 758,1415 320,1413"/>
        <Baseline points="325,1396 350,1396 376,1396 402,1397 428,1397 454,1397 479,1397 505,1398 531,1398 557,1399 583,1399 609,1400 634,1400 660,1401 686,1401 712,1401 738,1402 764,1403"/>
        <TextEquiv>
          <Unicode>de una mujer tan ingrata.</Unicode>
        </TextEquiv>
      </TextLine>

      
      
      <TextLine id="r_1_1l27" >
        <Coords points="262,1444 260,1407 471,1399 473,1399 473,1399 475,1399 520,1411 525,1413 527,1411 537,1403 537,1401 537,1401 539,1401 539,1401 539,1401 541,1401 541,1401 543,1401 626,1401 626,1401 626,1401 628,1401 628,1401 628,1401 657,1415 659,1415 667,1415 740,1403 740,1403 742,1403 742,1403 742,1403 744,1403 744,1403 779,1417 779,1452 775,1473 258,1454"/>
        <Baseline points="263,1446 288,1446 314,1446 340,1446 366,1446 392,1446 418,1447 444,1447 470,1447 496,1448 522,1448 547,1448 573,1449 599,1449 625,1450 651,1451 677,1451 703,1452 729,1453 755,1453 781,1454"/>
        <TextEquiv>
          <Unicode>Cat. Si té fangch á la sabata</Unicode>
        </TextEquiv>
      </TextLine>

      
      
      <TextLine id="r_1_1l28" >
        <Coords points="322,1494 322,1457 638,1461 640,1498 636,1514 318,1510"/>
        <Baseline points="324,1496 350,1496 377,1495 403,1495 430,1495 456,1495 483,1495 509,1495 536,1495 562,1496 589,1496 615,1498 642,1499"/>
        <TextEquiv>
          <Unicode>procúrissel netejá.</Unicode>
        </TextEquiv>
      </TextLine>

      
      
      <TextLine id="r_1_1l29" >
        <Coords points="322,1541 322,1498 752,1512 752,1547 750,1562 320,1562"/>
        <Baseline points="323,1543 348,1543 373,1543 399,1544 424,1544 449,1544 475,1544 500,1545 525,1545 551,1546 576,1546 601,1546 627,1547 652,1547 677,1547 703,1548 728,1548 754,1549"/>
        <TextEquiv>
          <Unicode>D. Joan, engányilas totas</Unicode>
        </TextEquiv>
      </TextLine>

      
      
      <TextLine id="r_1_1l30" >
        <Coords points="316,1595 314,1554 849,1554 851,1599 847,1612 312,1607"/>
        <Baseline points="318,1596 344,1595 371,1595 398,1594 424,1594 451,1594 478,1594 504,1594 531,1595 558,1595 585,1595 611,1596 638,1596 665,1597 691,1598 718,1598 745,1599 771,1600 798,1600 825,1600 852,1601"/>
        <TextEquiv>
          <Unicode>¿qué &#39;m fa ré á mí per ventura?</Unicode>
        </TextEquiv>
      </TextLine>

      
      
      <TextLine id="r_1_1l31" >
        <Coords points="322,1640 322,1597 735,1609 737,1645 735,1659 320,1659"/>
        <Baseline points="324,1641 349,1642 375,1642 401,1642 427,1643 453,1643 479,1643 505,1644 531,1644 557,1644 583,1645 609,1645 635,1645 661,1646 687,1646 713,1646 739,1647"/>
        <TextEquiv>
          <Unicode>Sí, s&#39; enganya; s&#39; afigura</Unicode>
        </TextEquiv>
      </TextLine>

      
      
      <TextLine id="r_1_1l32" >
        <Coords points="326,1690 324,1657 405,1647 405,1647 407,1647 702,1661 704,1696 702,1707 324,1709"/>
        <Baseline points="327,1692 352,1691 377,1691 402,1691 428,1692 453,1692 478,1692 503,1693 529,1693 554,1693 579,1694 604,1695 630,1696 655,1696 680,1697 706,1698"/>
        <TextEquiv>
          <Unicode>que jo só limpiabotas.</Unicode>
        </TextEquiv>
      </TextLine>

      
      
      <TextLine id="r_1_1l33" >
        <Coords points="264,1738 262,1700 837,1696 841,1744 839,1760 516,1767 514,1767 316,1754 274,1764 272,1764 272,1764 270,1764 270,1764 270,1764 268,1764 268,1764 268,1764 266,1764 266,1764 266,1762 264,1762 254,1750"/>
        <Baseline points="265,1740 293,1739 322,1739 351,1739 380,1739 409,1739 438,1739 467,1739 496,1740 525,1740 554,1740 582,1741 611,1742 640,1742 669,1743 698,1743 727,1744 756,1744 785,1745 814,1745 843,1746"/>
        <TextEquiv>
          <Unicode>Ofic. ¿Pero quién habrá que viva</Unicode>
        </TextEquiv>
      </TextLine>

      
      
      <TextLine id="r_1_1l34" >
        <Coords points="318,1783 318,1750 711,1750 713,1789 711,1802 481,1808 479,1808 314,1793"/>
        <Baseline points="320,1785 346,1785 372,1785 398,1786 425,1786 451,1786 477,1787 503,1787 530,1787 556,1788 582,1788 608,1789 635,1790 661,1790 687,1791 714,1791"/>
        <TextEquiv>
          <Unicode>con ese trato tan duro?</Unicode>
        </TextEquiv>
      </TextLine>

      
      
      <TextLine id="r_1_1l35" >
        <Coords points="314,1831 314,1798 713,1806 713,1839 709,1851 310,1849"/>
        <Baseline points="316,1833 342,1834 369,1834 395,1834 422,1835 449,1835 475,1836 502,1836 528,1837 555,1837 582,1838 608,1838 635,1838 661,1839 688,1839 715,1840"/>
        <TextEquiv>
          <Unicode>Niña, lo que me figuro</Unicode>
        </TextEquiv>
      </TextLine>

      
      
      <TextLine id="r_1_1l36" >
        <Coords points="322,1882 322,1841 737,1853 740,1891 735,1909 318,1901"/>
        <Baseline points="324,1884 350,1884 376,1885 402,1885 428,1885 454,1885 480,1885 506,1886 533,1886 559,1886 585,1887 611,1887 637,1888 663,1889 689,1889 715,1890 742,1891"/>
        <TextEquiv>
          <Unicode>que tú eres muy esquiva.</Unicode>
        </TextEquiv>
      </TextLine>

      
      
      <TextLine id="r_1_1l37" >
        <Coords points="262,1930 264,1878 305,1893 388,1882 388,1882 390,1882 390,1882 392,1882 392,1882 392,1882 419,1895 523,1886 523,1886 525,1886 525,1886 527,1886 527,1886 527,1886 529,1886 529,1886 529,1888 531,1888 537,1897 630,1888 630,1888 632,1888 632,1888 634,1888 634,1888 665,1899 791,1886 795,1938 791,1959 258,1944"/>
        <Baseline points="263,1932 289,1932 316,1932 342,1932 369,1932 396,1933 422,1933 449,1933 476,1933 502,1933 529,1934 556,1934 582,1934 609,1935 636,1935 662,1936 689,1937 716,1937 742,1938 769,1939 796,1939"/>
        <TextEquiv>
          <Unicode>Cat. No só mosca ni mosquit</Unicode>
        </TextEquiv>
      </TextLine>

      
      
      <TextLine id="r_1_1l38" >
        <Coords points="314,1981 314,1944 800,1948 800,1986 795,2006 310,1998"/>
        <Baseline points="315,1983 340,1983 366,1982 391,1981 417,1981 442,1981 468,1981 494,1981 519,1982 545,1982 570,1983 596,1983 621,1984 647,1984 673,1985 698,1986 724,1986 749,1986 775,1987 801,1987"/>
        <TextEquiv>
          <Unicode>perque &#39;m vingan á esquivá.</Unicode>
        </TextEquiv>
      </TextLine>

      
      
      <TextLine id="r_1_1l39" >
        <Coords points="322,2027 322,1994 779,1994 781,2035 779,2048 320,2050"/>
        <Baseline points="324,2029 349,2029 375,2029 400,2030 426,2030 451,2030 477,2031 502,2031 528,2031 553,2032 579,2032 604,2032 630,2033 655,2033 681,2034 706,2035 732,2035 757,2036 783,2037"/>
        <TextEquiv>
          <Unicode>¿Vaya, comensiu de probá?</Unicode>
        </TextEquiv>
      </TextLine>

      
      
      <TextLine id="r_1_1l40" >
        <Coords points="322,2079 322,2041 760,2048 762,2087 758,2103 318,2097"/>
        <Baseline points="324,2080 349,2080 375,2081 401,2081 427,2081 453,2081 479,2081 505,2081 531,2082 556,2082 582,2082 608,2083 634,2083 660,2084 686,2085 712,2086 738,2088 764,2089"/>
        <TextEquiv>
          <Unicode>¡Ay! senyó, que ve aixerit,</Unicode>
        </TextEquiv>
      </TextLine>

      
      
      <TextLine id="r_1_1l41" >
        <Coords points="316,2128 316,2093 725,2099 725,2134 721,2151 312,2139"/>
        <Baseline points="318,2129 343,2129 369,2129 394,2129 420,2129 445,2129 471,2130 496,2130 522,2131 547,2131 573,2132 598,2133 624,2133 649,2134 675,2135 700,2136 726,2136"/>
        <TextEquiv>
          <Unicode>esquivi á la seva mossa,</Unicode>
        </TextEquiv>
      </TextLine>

      
      
      <TextLine id="r_1_1l42" >
        <Coords points="318,2178 318,2132 427,2143 651,2136 653,2136 655,2136 655,2136 655,2136 657,2136 657,2136 688,2147 810,2139 814,2186 810,2198 314,2196"/>
        <Baseline points="320,2180 346,2180 372,2179 398,2179 424,2179 450,2180 476,2180 502,2180 528,2180 554,2181 581,2181 607,2182 633,2182 659,2183 685,2184 711,2185 737,2186 763,2186 789,2188 816,2188"/>
        <TextEquiv>
          <Unicode>ja que tant diu que l&#39;anyora.</Unicode>
        </TextEquiv>
      </TextLine>

      
      
      <TextLine id="r_1_1l43" >
        <Coords points="254,2227 252,2192 305,2180 305,2180 305,2180 308,2180 308,2180 310,2180 310,2180 310,2180 330,2190 576,2184 578,2184 797,2201 797,2236 793,2254 250,2240"/>
        <Baseline points="256,2229 283,2229 310,2229 337,2229 364,2229 392,2229 419,2229 446,2230 473,2230 500,2230 528,2230 555,2231 582,2231 609,2231 636,2232 664,2232 691,2233 718,2234 745,2235 772,2236 800,2237"/>
        <TextEquiv>
          <Unicode>Ofic. Tanto mi alma te adora,</Unicode>
        </TextEquiv>
      </TextLine>

      
      
      <TextLine id="r_1_1l44" >
        <Coords points="322,2277 322,2238 880,2248 880,2287 876,2347 655,2345 655,2345 655,2345 653,2345 653,2345 653,2345 651,2345 636,2335 599,2308 475,2308 458,2322 452,2329 452,2331 452,2331 450,2331 450,2331 450,2331 448,2331 448,2331 448,2331 446,2331 446,2331 444,2331 444,2331 444,2331 442,2331 427,2322 403,2306 320,2314"/>
        <Baseline points="324,2279 351,2279 379,2279 407,2279 435,2279 463,2279 491,2279 519,2280 547,2280 575,2280 603,2281 630,2281 658,2282 686,2283 714,2283 742,2284 770,2284 798,2285 826,2286 854,2287 882,2288"/>
        <TextEquiv>
          <Unicode>que sólo á ti encuentro hermosa:</Unicode>
        </TextEquiv>
      </TextLine>

      
    </TextRegion>
    
    <TextRegion id="r_2_1"  custom="structure {type:MainZone;}">
      <Coords points="944,65 1753,41 1753,2401 913,2412"/>
      
      
      <TextLine id="r_2_1l1" >
        <Coords points="1081,183 1081,132 1519,142 1519,192 1515,210 1077,200"/>
        <Baseline points="1082,184 1107,184 1133,184 1159,184 1185,184 1210,184 1236,184 1262,184 1288,185 1313,185 1339,186 1365,187 1391,188 1416,189 1442,189 1468,190 1494,192 1520,193"/>
        <TextEquiv>
          <Unicode>pues lievas, todos dirán,</Unicode>
        </TextEquiv>
      </TextLine>

      
      
      <TextLine id="r_2_1l2" >
        <Coords points="1087,227 1087,190 1600,196 1602,241 1597,252 1083,241"/>
        <Baseline points="1088,229 1113,229 1139,230 1165,230 1191,231 1217,231 1242,232 1268,233 1294,233 1320,234 1346,235 1371,235 1397,236 1423,237 1449,238 1475,238 1500,239 1526,240 1552,241 1578,242 1604,243"/>
        <TextEquiv>
          <Unicode>entre las bellas la palma.</Unicode>
        </TextEquiv>
      </TextLine>

      
      
      <TextLine id="r_2_1l3" >
        <Coords points="1023,279 1023,235 1726,254 1726,297 1724,314 1265,314 1263,312 1263,312 1229,307 1184,299 1145,305 1130,307 1130,307 1130,307 1128,307 1128,307 1126,307 1126,307 1126,307 1124,307 1122,305 1105,295 1021,303"/>
        <Baseline points="1024,281 1059,281 1094,281 1129,281 1164,281 1199,282 1234,283 1270,284 1305,285 1340,286 1375,287 1410,288 1445,290 1480,291 1516,292 1551,293 1586,295 1621,296 1656,296 1691,297 1727,298"/>
        <TextEquiv>
          <Unicode>Cat. Valdrá mes que ho prengui ab calma</Unicode>
        </TextEquiv>
      </TextLine>

      
      
      <TextLine id="r_2_1l4" >
        <Coords points="1083,330 1083,289 1132,299 1254,293 1298,291 1300,291 1614,303 1618,334 1614,357 1079,345"/>
        <Baseline points="1085,332 1111,331 1138,331 1165,332 1192,332 1218,333 1245,334 1272,336 1299,337 1325,338 1352,340 1379,340 1406,341 1432,342 1459,342 1486,342 1513,342 1539,340 1566,339 1593,337 1620,335"/>
        <TextEquiv>
          <Unicode>No porto palma ni ram;</Unicode>
        </TextEquiv>
      </TextLine>

      
      
      <TextLine id="r_2_1l5" >
        <Coords points="1081,380 1081,334 1626,349 1626,394 1622,407 1077,398"/>
        <Baseline points="1082,382 1109,382 1136,382 1163,382 1191,383 1218,383 1245,384 1273,385 1300,385 1327,386 1355,387 1382,388 1409,389 1436,389 1464,390 1491,391 1518,392 1546,393 1573,394 1600,395 1628,395"/>
        <TextEquiv>
          <Unicode>¡molt poch sap per ser tant vell!</Unicode>
        </TextEquiv>
      </TextLine>

      
      
      <TextLine id="r_2_1l6" >
        <Coords points="1029,425 1029,384 1610,403 1610,442 1606,454 1025,438"/>
        <Baseline points="1031,427 1060,427 1089,427 1118,427 1147,428 1176,428 1205,429 1234,429 1263,430 1292,431 1321,432 1350,433 1379,434 1408,435 1437,435 1466,437 1495,438 1524,439 1553,441 1582,442 1612,443"/>
        <TextEquiv>
          <Unicode>Ofic. Pues me hace reir sin gana.</Unicode>
        </TextEquiv>
      </TextLine>

      
      
      <TextLine id="r_2_1l7" >
        <Coords points="1025,473 1025,434 1124,438 1128,436 1141,425 1141,425 1143,425 1143,425 1145,425 1145,425 1145,425 1147,425 1147,425 1229,438 1273,444 1341,442 1451,436 1453,436 1453,436 1455,436 1488,444 1517,452 1575,448 1577,491 1573,508 1021,498"/>
        <Baseline points="1026,475 1053,476 1081,476 1108,476 1136,477 1164,477 1191,478 1219,478 1246,479 1274,479 1302,480 1329,481 1357,482 1384,483 1412,484 1440,485 1467,487 1495,488 1522,489 1550,491 1578,493"/>
        <TextEquiv>
          <Unicode>Gat. Vosté será el que te llana,</Unicode>
        </TextEquiv>
      </TextLine>

      
      
      <TextLine id="r_2_1l8" >
        <Coords points="1087,524 1087,487 1535,500 1538,537 1533,549 1083,539"/>
        <Baseline points="1088,526 1113,526 1138,526 1163,526 1188,527 1213,527 1238,527 1263,528 1288,529 1313,530 1338,531 1363,532 1388,532 1413,533 1438,534 1463,535 1488,536 1513,537 1539,538"/>
        <TextEquiv>
          <Unicode>que jo tinch net lo clatell.</Unicode>
        </TextEquiv>
      </TextLine>

      
      
      <TextLine id="r_2_1l9" >
        <Coords points="1029,574 1029,529 1566,545 1566,589 1562,603 1025,593"/>
        <Baseline points="1031,575 1057,575 1084,575 1111,575 1138,575 1165,575 1192,576 1218,576 1245,577 1272,577 1299,578 1326,579 1353,580 1380,581 1406,582 1433,583 1460,584 1487,586 1514,588 1541,589 1568,591"/>
        <TextEquiv>
          <Unicode>Ofic. Te vas haciendo pesada,</Unicode>
        </TextEquiv>
      </TextLine>

      
      
      <TextLine id="r_2_1l10" >
        <Coords points="1081,622 1081,584 1577,591 1577,638 1573,646 1077,638"/>
        <Baseline points="1082,623 1108,623 1134,623 1160,624 1186,624 1212,624 1238,625 1265,625 1291,626 1317,627 1343,628 1369,629 1395,630 1422,631 1448,632 1474,633 1500,635 1526,636 1552,638 1579,639"/>
        <TextEquiv>
          <Unicode>¿no sabes que yo te amo?</Unicode>
        </TextEquiv>
      </TextLine>

      
      
      <TextLine id="r_2_1l11" >
        <Coords points="1023,671 1017,632 1031,622 1033,622 1033,622 1033,622 1035,622 1035,622 1035,622 1037,622 1037,622 1101,634 1110,634 1124,634 1219,626 1221,626 1221,626 1221,626 1223,626 1223,626 1223,626 1242,634 1250,638 1269,636 1312,628 1312,628 1312,628 1314,628 1314,628 1316,628 1316,628 1316,628 1318,628 1318,628 1318,630 1320,630 1320,630 1325,636 1329,642 1382,642 1405,636 1424,632 1426,632 1426,632 1426,632 1428,632 1428,632 1465,638 1525,646 1655,640 1657,690 1653,702 1170,698 1170,698 1019,682"/>
        <Baseline points="1025,673 1056,673 1088,673 1120,673 1151,673 1183,674 1215,674 1246,675 1278,676 1310,677 1342,678 1373,679 1405,680 1437,681 1468,683 1500,684 1532,685 1563,687 1595,688 1627,689 1659,691"/>
        <TextEquiv>
          <Unicode>Cat. ¿Vosté diu que es el meu amo?</Unicode>
        </TextEquiv>
      </TextLine>

      
      
      <TextLine id="r_2_1l12" >
        <Coords points="1077,725 1074,682 1569,688 1571,735 1566,744 1072,741"/>
        <Baseline points="1079,726 1104,725 1130,724 1156,724 1182,724 1208,724 1234,724 1260,725 1286,726 1312,726 1338,727 1364,728 1390,729 1416,730 1442,731 1468,732 1494,733 1520,734 1546,735 1572,736"/>
        <TextEquiv>
          <Unicode>¿Quant me dona de soldada?</Unicode>
        </TextEquiv>
      </TextLine>

      
      
      <TextLine id="r_2_1l13" >
        <Coords points="1083,770 1083,727 1569,748 1569,785 1566,793 1507,803 1507,803 1504,803 1504,803 1504,803 1444,793 1428,791 1081,791"/>
        <Baseline points="1084,771 1109,771 1135,772 1160,772 1186,773 1211,773 1237,774 1263,774 1288,775 1314,776 1339,776 1365,777 1390,778 1416,779 1442,780 1467,781 1493,782 1518,784 1544,786 1570,787"/>
        <TextEquiv>
          <Unicode>N&#39; havem arrancat bon nap.</Unicode>
        </TextEquiv>
      </TextLine>

      
      
      <TextLine id="r_2_1l14" >
        <Coords points="1021,818 1021,777 1525,793 1573,785 1575,832 1571,849 1017,826"/>
        <Baseline points="1023,820 1050,819 1078,819 1105,819 1133,820 1161,820 1188,820 1216,821 1244,822 1271,822 1299,823 1327,824 1354,825 1382,826 1410,827 1437,828 1465,829 1493,831 1520,832 1548,832 1576,833"/>
        <TextEquiv>
          <Unicode>Ofic. No me mires con desdén.</Unicode>
        </TextEquiv>
      </TextLine>

      
      
      <TextLine id="r_2_1l15" >
        <Coords points="1019,868 1019,830 1595,837 1595,886 1591,899 1145,890 1145,890 1145,890 1143,890 1143,890 1141,890 1114,880 1017,886"/>
        <Baseline points="1021,868 1049,868 1078,869 1107,870 1136,870 1164,871 1193,871 1222,872 1251,872 1279,873 1308,874 1337,875 1366,875 1394,876 1423,877 1452,879 1481,880 1509,882 1538,884 1567,885 1596,887"/>
        <TextEquiv>
          <Unicode>Cat. Jo no tinch si no una dent,</Unicode>
        </TextEquiv>
      </TextLine>

      
      
      <TextLine id="r_2_1l16" >
        <Coords points="1079,919 1079,880 1525,884 1525,932 1521,952 1155,934 1077,940"/>
        <Baseline points="1080,920 1106,920 1132,920 1158,920 1184,920 1211,920 1237,921 1263,922 1289,923 1316,923 1342,924 1368,925 1394,926 1421,928 1447,929 1473,930 1499,931 1526,933"/>
        <TextEquiv>
          <Unicode>y may men ha caigut cap.</Unicode>
        </TextEquiv>
      </TextLine>

      
      
      <TextLine id="r_2_1l17" >
        <Coords points="1021,963 1019,925 1252,923 1254,923 1254,923 1325,934 1337,936 1343,936 1380,927 1380,927 1380,927 1382,927 1382,927 1382,927 1430,938 1432,938 1434,938 1461,930 1463,930 1463,930 1463,930 1465,930 1465,930 1525,942 1527,979 1523,998 1017,981"/>
        <Baseline points="1023,964 1048,965 1073,965 1098,965 1124,966 1149,966 1174,966 1199,967 1225,967 1250,968 1275,969 1300,970 1326,970 1351,971 1376,972 1401,973 1427,975 1452,976 1477,978 1502,979 1528,981"/>
        <TextEquiv>
          <Unicode>Ofic. No dije eso, niña á fé;</Unicode>
        </TextEquiv>
      </TextLine>

      
      
      <TextLine id="r_2_1l18" >
        <Coords points="1081,1012 1081,973 1507,987 1507,1027 1502,1047 1077,1031"/>
        <Baseline points="1082,1013 1107,1014 1132,1015 1157,1016 1182,1016 1207,1016 1232,1017 1257,1017 1282,1018 1307,1018 1332,1019 1357,1020 1382,1020 1407,1022 1432,1024 1457,1025 1482,1026 1508,1029"/>
        <TextEquiv>
          <Unicode>dije que eres desdeñosa.</Unicode>
        </TextEquiv>
      </TextLine>

      
      
      <TextLine id="r_2_1l19" >
        <Coords points="1012,1062 1012,1023 1631,1041 1633,1080 1628,1097 1008,1080"/>
        <Baseline points="1015,1063 1046,1064 1077,1064 1108,1065 1139,1065 1170,1066 1201,1066 1232,1067 1263,1067 1294,1068 1325,1069 1356,1070 1387,1071 1418,1072 1449,1073 1480,1074 1511,1076 1542,1077 1573,1079 1604,1081 1635,1082"/>
        <TextEquiv>
          <Unicode>Cat. ¿A mí &#39;m ve á dir lleganyosa,</Unicode>
        </TextEquiv>
      </TextLine>

      
      
      <TextLine id="r_2_1l20" >
        <Coords points="1083,1111 1083,1070 1471,1089 1540,1080 1544,1124 1540,1136 1079,1128"/>
        <Baseline points="1084,1113 1109,1113 1135,1114 1161,1114 1186,1115 1212,1115 1238,1116 1263,1116 1289,1117 1315,1118 1340,1118 1366,1119 1392,1120 1417,1120 1443,1121 1469,1122 1494,1123 1520,1124 1546,1125"/>
        <TextEquiv>
          <Unicode>cap de gat, ulls de esparvé?</Unicode>
        </TextEquiv>
      </TextLine>

      
      
      <TextLine id="r_2_1l21" >
        <Coords points="1083,1159 1083,1124 1635,1140 1635,1175 1631,1192 1079,1180"/>
        <Baseline points="1084,1161 1111,1161 1139,1161 1166,1162 1194,1162 1222,1163 1249,1163 1277,1164 1304,1165 1332,1166 1360,1166 1387,1168 1415,1169 1442,1170 1470,1171 1498,1172 1525,1173 1553,1174 1580,1175 1608,1176 1636,1177"/>
        <TextEquiv>
          <Unicode>¿Ahónt va aquest porch castellá¬</Unicode>
        </TextEquiv>
      </TextLine>

      
      
      <TextLine id="r_2_1l22" >
        <Coords points="1077,1209 1077,1167 1562,1180 1562,1221 1560,1229 1496,1242 1496,1242 1496,1242 1494,1242 1494,1242 1426,1231 1343,1237 1343,1237 1341,1237 1341,1237 1339,1237 1339,1237 1339,1237 1318,1227 1314,1225 1310,1227 1302,1235 1302,1235 1300,1235 1300,1235 1298,1235 1298,1235 1298,1235 1296,1235 1296,1235 1242,1227 1207,1223 1074,1225"/>
        <Baseline points="1079,1209 1104,1209 1129,1209 1155,1210 1180,1210 1206,1211 1231,1212 1257,1212 1282,1213 1308,1214 1333,1215 1359,1215 1384,1216 1410,1217 1435,1218 1461,1219 1486,1220 1512,1220 1537,1221 1563,1222"/>
        <TextEquiv>
          <Unicode>á tractarme d&#39; aquest modo?</Unicode>
        </TextEquiv>
      </TextLine>

      
      
      <TextLine id="r_2_1l23" >
        <Coords points="1068,1254 1066,1221 1308,1217 1310,1217 1310,1217 1432,1231 1475,1223 1475,1223 1475,1223 1478,1223 1478,1223 1480,1223 1480,1223 1480,1223 1482,1223 1500,1235 1496,1268 1492,1283 1064,1268"/>
        <Baseline points="1069,1256 1094,1257 1119,1258 1144,1259 1169,1259 1195,1260 1220,1261 1245,1261 1270,1262 1296,1262 1321,1263 1346,1263 1371,1264 1397,1265 1422,1265 1447,1267 1472,1268 1498,1269"/>
        <TextEquiv>
          <Unicode>miri que si m&#39; incomodo</Unicode>
        </TextEquiv>
      </TextLine>

      
      
      <TextLine id="r_2_1l24" >
        <Coords points="1072,1304 1072,1264 1500,1281 1502,1318 1498,1333 1068,1316"/>
        <Baseline points="1074,1305 1099,1306 1124,1307 1149,1308 1174,1309 1200,1309 1225,1310 1250,1311 1275,1311 1301,1312 1326,1312 1351,1313 1376,1314 1402,1315 1427,1316 1452,1317 1477,1318 1503,1320"/>
        <TextEquiv>
          <Unicode>li diré quánts Deus hi ha.</Unicode>
        </TextEquiv>
      </TextLine>

      
      
      <TextLine id="r_2_1l25" >
        <Coords points="1015,1353 1012,1306 1070,1304 1072,1304 1072,1304 1074,1304 1074,1304 1074,1304 1077,1304 1077,1304 1077,1306 1081,1308 1091,1318 1219,1314 1279,1314 1281,1314 1281,1314 1283,1314 1283,1314 1283,1314 1285,1314 1292,1318 1302,1324 1325,1320 1370,1312 1370,1312 1372,1312 1372,1312 1372,1312 1374,1312 1374,1312 1374,1312 1376,1312 1376,1314 1389,1322 1393,1328 1515,1330 1515,1368 1517,1376 1498,1390 1498,1390 1496,1390 1496,1390 1494,1390 1494,1390 1494,1390 1492,1390 1492,1390 1490,1390 1432,1376 1391,1388 1389,1388 1389,1388 1389,1388 1387,1388 1387,1388 1283,1374 1269,1372 1263,1374 1229,1384 1227,1384 1227,1384 1227,1384 1225,1384 1155,1382 1155,1382 1155,1382 1153,1382 1153,1382 1153,1382 1151,1382 1151,1382 1151,1380 1141,1372 1136,1368 1012,1370"/>
        <Baseline points="1016,1354 1041,1355 1066,1356 1091,1356 1116,1357 1141,1357 1166,1357 1191,1357 1216,1358 1241,1358 1266,1358 1291,1358 1316,1359 1341,1359 1366,1360 1391,1361 1416,1362 1441,1363 1466,1365 1491,1367 1516,1370"/>
        <TextEquiv>
          <Unicode>Ofic. Vamos, lo dije y diré;</Unicode>
        </TextEquiv>
      </TextLine>

      
      
      <TextLine id="r_2_1l26" >
        <Coords points="1079,1401 1079,1355 1521,1382 1521,1417 1517,1430 1074,1415"/>
        <Baseline points="1080,1403 1106,1404 1132,1404 1158,1405 1184,1405 1210,1406 1236,1407 1262,1407 1288,1408 1314,1409 1340,1409 1366,1410 1392,1411 1418,1412 1444,1413 1470,1414 1496,1416 1523,1418"/>
        <TextEquiv>
          <Unicode>de bronce tienes entrañas.</Unicode>
        </TextEquiv>
      </TextLine>

      
      
      <TextLine id="r_2_1l27" >
        <Coords points="1015,1452 1015,1407 1213,1417 1242,1415 1294,1409 1294,1409 1296,1409 1296,1409 1296,1409 1298,1409 1298,1409 1300,1409 1312,1417 1320,1421 1329,1417 1345,1411 1345,1411 1347,1411 1347,1411 1347,1411 1349,1411 1349,1411 1409,1421 1426,1423 1434,1421 1455,1415 1457,1415 1457,1415 1457,1415 1459,1415 1459,1415 1461,1415 1461,1415 1461,1415 1463,1415 1463,1415 1471,1423 1475,1426 1492,1423 1569,1415 1569,1415 1571,1415 1571,1415 1573,1415 1620,1430 1618,1469 1614,1492 1314,1473 1012,1475"/>
        <Baseline points="1017,1453 1047,1453 1077,1454 1107,1454 1137,1455 1167,1455 1197,1456 1228,1457 1258,1457 1288,1458 1318,1459 1348,1460 1378,1461 1408,1462 1439,1463 1469,1464 1499,1465 1529,1467 1559,1468 1589,1470 1620,1471"/>
        <TextEquiv>
          <Unicode>Cat. Y be, sí que tinch lleganyas.</Unicode>
        </TextEquiv>
      </TextLine>

      
      
      <TextLine id="r_2_1l28" >
        <Coords points="1079,1504 1079,1459 1471,1471 1473,1512 1471,1525 1077,1525"/>
        <Baseline points="1080,1505 1106,1505 1132,1505 1158,1505 1185,1505 1211,1506 1237,1506 1263,1507 1290,1507 1316,1508 1342,1509 1368,1510 1395,1511 1421,1512 1447,1513 1474,1514"/>
        <TextEquiv>
          <Unicode>¿Me las vol rentá vosté?</Unicode>
        </TextEquiv>
      </TextLine>

      
      
      <TextLine id="r_2_1l29" >
        <Coords points="1017,1552 1017,1502 1070,1504 1070,1504 1070,1504 1072,1504 1072,1504 1074,1504 1074,1504 1074,1504 1074,1506 1077,1506 1085,1516 1126,1506 1143,1504 1143,1504 1143,1504 1145,1504 1145,1504 1147,1504 1147,1504 1147,1504 1149,1504 1149,1504 1149,1506 1153,1508 1163,1519 1217,1512 1238,1510 1238,1510 1240,1510 1240,1510 1240,1510 1265,1514 1306,1523 1335,1519 1391,1510 1391,1510 1393,1510 1393,1510 1393,1510 1395,1510 1395,1510 1395,1510 1397,1510 1397,1510 1397,1512 1399,1512 1405,1523 1409,1525 1413,1523 1436,1512 1436,1512 1436,1512 1438,1512 1438,1512 1440,1512 1440,1512 1440,1512 1442,1512 1442,1512 1444,1512 1444,1512 1461,1525 1519,1514 1519,1514 1521,1514 1521,1514 1521,1514 1523,1514 1583,1533 1583,1570 1581,1578 1521,1589 1521,1589 1519,1589 1012,1566"/>
        <Baseline points="1019,1554 1047,1554 1075,1554 1103,1555 1132,1555 1160,1556 1188,1556 1216,1556 1245,1557 1273,1557 1301,1558 1329,1559 1358,1559 1386,1560 1414,1561 1442,1562 1471,1564 1499,1565 1527,1567 1555,1569 1584,1571"/>
        <TextEquiv>
          <Unicode>Ofic. Que tú me desdeñas digo :</Unicode>
        </TextEquiv>
      </TextLine>

      
      
      <TextLine id="r_2_1l30" >
        <Coords points="1074,1603 1074,1558 1153,1570 1205,1564 1234,1560 1234,1560 1236,1560 1236,1560 1236,1560 1238,1560 1238,1560 1238,1560 1240,1560 1240,1560 1240,1562 1244,1566 1250,1570 1271,1566 1298,1562 1298,1562 1300,1562 1300,1562 1300,1562 1302,1562 1302,1562 1304,1562 1314,1568 1327,1576 1492,1578 1494,1614 1490,1632 1070,1624"/>
        <Baseline points="1076,1605 1102,1605 1128,1605 1154,1605 1181,1605 1207,1606 1233,1606 1259,1607 1286,1607 1312,1608 1338,1609 1364,1610 1391,1611 1417,1612 1443,1613 1469,1614 1496,1615"/>
        <TextEquiv>
          <Unicode>pues muriendo yo por ti,</Unicode>
        </TextEquiv>
      </TextLine>

      
      
      <TextLine id="r_2_1l31" >
        <Coords points="1074,1651 1074,1612 1507,1618 1507,1661 1502,1680 1070,1669"/>
        <Baseline points="1076,1653 1101,1653 1126,1654 1152,1654 1177,1654 1203,1655 1228,1655 1253,1656 1279,1656 1304,1657 1330,1658 1355,1658 1380,1659 1406,1660 1431,1661 1457,1662 1482,1662 1508,1663"/>
        <TextEquiv>
          <Unicode>tú me estás mirando á mí</Unicode>
        </TextEquiv>
      </TextLine>

      
      
      <TextLine id="r_2_1l32" >
        <Coords points="1068,1700 1068,1663 1471,1678 1471,1711 1467,1721 1064,1717"/>
        <Baseline points="1070,1702 1095,1702 1120,1703 1145,1703 1170,1704 1195,1704 1220,1705 1245,1705 1271,1706 1296,1706 1321,1707 1346,1707 1371,1708 1396,1709 1421,1710 1446,1711 1472,1712"/>
        <TextEquiv>
          <Unicode>como el peor enemigo.</Unicode>
        </TextEquiv>
      </TextLine>

      
      
      <TextLine id="r_2_1l33" >
        <Coords points="1068,1752 1068,1709 1502,1723 1502,1762 1498,1775 1064,1771"/>
        <Baseline points="1070,1753 1095,1753 1121,1752 1146,1752 1172,1752 1197,1752 1223,1752 1248,1753 1274,1753 1299,1754 1325,1754 1350,1755 1376,1756 1401,1757 1427,1758 1452,1759 1478,1762 1504,1763"/>
        <TextEquiv>
          <Unicode>Jamás te podré ablandar,</Unicode>
        </TextEquiv>
      </TextLine>

      
      
      <TextLine id="r_2_1l34" >
        <Coords points="1079,1795 1079,1764 1478,1773 1480,1806 1475,1822 1074,1812"/>
        <Baseline points="1080,1797 1105,1797 1130,1798 1155,1798 1180,1799 1205,1799 1230,1800 1255,1800 1281,1801 1306,1802 1331,1803 1356,1803 1381,1804 1406,1805 1431,1806 1456,1807 1482,1807"/>
        <TextEquiv>
          <Unicode>mujer tirana y hermosa.</Unicode>
        </TextEquiv>
      </TextLine>

      
      
      <TextLine id="r_2_1l35" >
        <Coords points="1012,1843 1012,1802 1515,1816 1513,1857 1511,1866 1444,1876 1444,1876 1442,1876 1442,1876 1380,1866 1364,1864 1010,1864"/>
        <Baseline points="1013,1844 1038,1845 1063,1845 1088,1846 1113,1846 1138,1847 1163,1847 1188,1847 1213,1847 1238,1848 1263,1848 1288,1848 1313,1849 1338,1849 1363,1850 1388,1851 1413,1852 1438,1853 1463,1854 1488,1855 1514,1858"/>
        <TextEquiv>
          <Unicode>Cat. Vaja, si té bona bossa,</Unicode>
        </TextEquiv>
      </TextLine>

      
      
      <TextLine id="r_2_1l36" >
        <Coords points="1070,1893 1070,1857 1480,1868 1482,1903 1478,1919 1066,1913"/>
        <Baseline points="1072,1895 1097,1895 1123,1895 1149,1896 1175,1896 1200,1896 1226,1897 1252,1898 1278,1898 1303,1899 1329,1900 1355,1900 1381,1901 1406,1902 1432,1903 1458,1904 1484,1905"/>
        <TextEquiv>
          <Unicode>no li vinch enmanllevar.</Unicode>
        </TextEquiv>
      </TextLine>

      
      
      <TextLine id="r_2_1l37" >
        <Coords points="1066,1946 1066,1903 1655,1915 1655,1957 1651,1973 1062,1965"/>
        <Baseline points="1068,1948 1097,1947 1126,1947 1156,1947 1185,1947 1215,1947 1244,1948 1274,1948 1303,1949 1333,1950 1362,1951 1391,1952 1421,1953 1450,1953 1480,1955 1509,1956 1539,1956 1568,1957 1598,1958 1627,1959 1657,1959"/>
        <TextEquiv>
          <Unicode>¿Perqué &#39;m ve á mí ab tanta cosa?</Unicode>
        </TextEquiv>
      </TextLine>

      
      
      <TextLine id="r_2_1l38" >
        <Coords points="1070,1992 1070,1957 1413,1963 1416,1998 1411,2008 1066,2006"/>
        <Baseline points="1072,1993 1098,1993 1125,1994 1151,1994 1178,1994 1205,1995 1231,1995 1258,1996 1284,1996 1311,1997 1338,1997 1364,1998 1391,1999 1418,2000"/>
        <TextEquiv>
          <Unicode>si de tot lo de vosté</Unicode>
        </TextEquiv>
      </TextLine>

      
      
      <TextLine id="r_2_1l39" >
        <Coords points="1074,2041 1074,2006 1498,2015 1498,2050 1494,2062 1070,2056"/>
        <Baseline points="1075,2042 1101,2042 1128,2043 1154,2043 1181,2044 1207,2045 1234,2045 1260,2046 1287,2047 1313,2047 1340,2048 1366,2048 1393,2049 1419,2050 1446,2051 1472,2051 1499,2052"/>
        <TextEquiv>
          <Unicode>no se men dona á mí ré.</Unicode>
        </TextEquiv>
      </TextLine>

      
      
      <TextLine id="r_2_1l40" >
        <Coords points="1070,2089 1070,2048 1554,2062 1554,2105 1550,2120 1066,2108"/>
        <Baseline points="1072,2091 1097,2092 1122,2093 1148,2094 1173,2095 1199,2096 1224,2096 1249,2097 1275,2097 1300,2098 1326,2098 1351,2099 1377,2099 1402,2100 1427,2100 1453,2101 1478,2102 1504,2103 1529,2104 1555,2106"/>
        <TextEquiv>
          <Unicode>Vágissen, que ja &#39;m fa nosa.</Unicode>
        </TextEquiv>
      </TextLine>

      
      
      <TextLine id="r_2_1l41" >
        <Coords points="1017,2139 1017,2097 1331,2110 1356,2108 1413,2099 1413,2099 1416,2099 1416,2099 1540,2114 1540,2149 1535,2165 1012,2153"/>
        <Baseline points="1019,2140 1045,2140 1071,2141 1097,2141 1123,2141 1149,2142 1175,2142 1202,2143 1228,2143 1254,2143 1280,2144 1306,2144 1332,2145 1358,2145 1385,2146 1411,2146 1437,2147 1463,2148 1489,2149 1515,2150 1542,2151"/>
        <TextEquiv>
          <Unicode>Ofic. Dije que eres hechicera.</Unicode>
        </TextEquiv>
      </TextLine>

      
      
      <TextLine id="r_2_1l42" >
        <Coords points="1010,2188 1010,2155 1573,2155 1573,2198 1569,2215 1006,2207"/>
        <Baseline points="1011,2189 1039,2189 1067,2189 1095,2190 1123,2190 1152,2190 1180,2191 1208,2191 1236,2191 1264,2192 1293,2192 1321,2193 1349,2193 1377,2194 1405,2195 1434,2196 1462,2196 1490,2197 1518,2198 1546,2199 1575,2200"/>
        <TextEquiv>
          <Unicode>Cat. Veyam com ho torna á dí.</Unicode>
        </TextEquiv>
      </TextLine>

      
      
      <TextLine id="r_2_1l43" >
        <Coords points="1010,2238 1006,2201 1025,2190 1025,2190 1025,2190 1027,2190 1027,2190 1027,2190 1029,2190 1029,2190 1031,2190 1031,2190 1031,2190 1033,2190 1033,2190 1046,2201 1081,2192 1083,2192 1083,2192 1085,2192 1085,2192 1087,2192 1126,2203 1130,2205 1525,2209 1527,2248 1523,2256 1006,2246"/>
        <Baseline points="1011,2239 1036,2239 1062,2240 1088,2240 1114,2240 1140,2240 1166,2241 1191,2241 1217,2241 1243,2242 1269,2242 1295,2242 1321,2243 1347,2243 1372,2244 1398,2245 1424,2245 1450,2246 1476,2247 1502,2248 1528,2249"/>
        <TextEquiv>
          <Unicode>Offc. ¿Aun en esto te ofendí?</Unicode>
        </TextEquiv>
      </TextLine>

      
      
      <TextLine id="r_2_1l44" >
        <Coords points="1017,2289 1017,2248 1668,2258 1668,2298 1666,2322 1525,2331 1523,2331 1523,2331 1521,2331 1478,2320 1461,2331 1459,2331 1459,2331 1457,2331 1457,2331 1457,2331 1455,2331 1455,2331 1393,2320 1380,2331 1380,2331 1378,2331 1378,2331 1378,2331 1376,2331 1376,2331 1374,2331 1374,2331 1374,2331 1372,2331 1339,2320 1312,2345 1294,2364 1294,2366 1294,2366 1292,2366 1292,2366 1292,2366 1289,2366 1289,2366 1289,2366 1287,2366 1287,2366 1213,2353 1194,2366 1192,2366 1192,2366 1192,2366 1190,2366 1190,2366 1188,2366 1188,2366 1188,2366 1136,2358 1114,2353 1015,2364"/>
        <Baseline points="1019,2290 1051,2290 1084,2290 1116,2290 1149,2290 1181,2291 1214,2291 1246,2292 1279,2292 1311,2293 1344,2293 1377,2294 1409,2295 1442,2296 1474,2296 1507,2297 1539,2298 1572,2299 1604,2299 1637,2300 1670,2300"/>
        <TextEquiv>
          <Unicode>Cat. Jo ho crech dientme embustera.</Unicode>
        </TextEquiv>
      </TextLine>

      
    </TextRegion>
    

    
  </Page>
</PcGts>
