1860 2629
164 1244 1462 1404 LAS QUEIXAS DE LAS MESTRESSAS.
454 1380 1144 1454 SEGONA PART
337 1430 1263 1516 DE LA CONVERSACIÓ DE LAS SIS CRIADAS.
13 1594 590 1691 Diguí en la primera part
13 1669 504 1741 que un dia estant amagat,
15 1708 508 1789 desde dalt de una finestra
19 1763 475 1835 escoltí una gran palestra
15 1820 432 1888 que tenian sis criadas,
19 1866 574 1941 de las que se n' diu laymadas.
8 1914 497 1989 Cada qual ab molta fressa
10 1958 493 2033 deya mal de sa mestressa.
13 2008 554 2085 Vaig proposar jo aquell dia,
10 2061 489 2131 que de un any no pararia
8 2107 469 2184 fins saber ab claredat
6 2162 519 2232 si acás era veritat
15 2201 592 2287 lo que aquellas noyas deyan,
15 2258 576 2331 y que tan á venal treyan.
15 2295 576 2377 De á las horas endavant
6 2357 592 2434 anava sempre buscant
17 2396 590 2501 per trobar la ocasió
949 1594 1313 1708 de conéixer si rahó
949 1686 1348 1757 tenian las sis criadas
956 1735 1397 1811 per estar axí enfadadas.
947 1785 1355 1860 Un dia que vaig anar
947 1833 1313 1899 á casa donya Pilar,
945 1881 1364 1949 y estava allí de visita,
949 1932 1381 2004 se presentá donya Rita,
947 1980 1509 2065 donya Agnés, donya Ramona,
945 2030 1397 2101 y també donya Coloma.
945 2068 1458 2155 Y entre cosas variadas
947 2120 1388 2201 parláren de las criadas,
945 2179 1432 2249 dihent axí donya Ramona:
943 2217 1427 2298 la mia es molt bojarrona :
943 2269 1377 2348 avuy al fer l' esmorsar
947 2320 1438 2394 tot me l' ha deixat cremar.
940 2366 1447 2444 Y no era poch, sis costellas
945 2425 1405 2523 que rustia á las graellas.
