1740 2341
283 834 1439 901 La vida del Patriarca José es una de las mas maravillosas y ejem¬
226 885 1437 950 plares que nos refiere el antiguo testamento. En ella hallará el lector
216 932 1431 992 mucho que aprender, mucho que meditar, y verá como Dios con su
220 979 1443 1037 omnipotente poder eleva al más encumbrado puesto al que ayer era
220 1022 1443 1088 un pobre esclavo sacrificado por la malevolencia de sus propios her¬
224 1071 355 1131 manos.
279 1100 1431 1168 Solo contaba diez y seis años José, cuando ya estaba apacentando,
226 1152 1450 1217 junto con sus hermanos, los rebaños de su padre Jacob. Amábale este
216 1201 1443 1254 con extremado cariño, no solo por sus buenas cualidades, sino porque
220 1238 1447 1301 le habia tenido en los últimos años de su senectud. Tal preferencia
218 1281 1443 1342 en cariño fué causa de que sus hermanos le envidiaran y aborrecie¬
220 1334 1442 1392 ran, y aumentó su odio el haber contado á su padre algunos hechos,
222 1377 1445 1437 no muy decentes, que advirtió en ellos cierto dia. Mas lo que puso
222 1414 1445 1480 el sello á su rencoroso corazon, y que acabó de llenarlos de envi¬
212 1461 1443 1521 dia, fué un sueño que tuvo José, y que aun cuando misterioso en sí,
216 1507 1439 1570 él lo contó con toda la sencillez de la edad. Es, pues, el caso, que so-
214 1556 1439 1609 ñó que se hallaba con sus hermanos en el campo haciendo haces de
220 1595 1437 1658 espigas; pero su haz era mucho mayor que las otras y parecia que
214 1638 1441 1695 estas le adoraban. Mal recibieron los hermanos la relacion de este
216 1679 1439 1745 sueño; pero José continuó diciendo que poco despues habia soñado
216 1724 1437 1786 que el sol, la luna y once estrellas, le prestaban adoracion. Tal re¬
210 1767 1433 1837 lato llenó de cólera á todos aquellos envidiosos, y Jacob no pudo
220 1810 1435 1882 menos de reñir á su hijo diciéndole: «¿Qué quiere decir este sueño
222 1863 1433 1927 que viste? ¿Acaso yo, tu madre y tus hermanos te adoraremos sobre
224 1911 398 1972 la tierra?»
283 1939 1425 2013 Empero Jacob, considerando la virtud y sencillez de su hijo,
210 1989 1443 2054 réconocia la voz de Dios en la de José, que le decia, que aquel niño
208 2032 1437 2104 estaba destinado para cosas grandes y maravillosas, y meditaba sobre
220 2077 1433 2157 la inteligencia de sus sueños. Si le riñó fué tan solo para que fuese
712 163 984 247 HISTORIA
304 345 1345 454 PATRIARCA JOSÉ
804 269 874 339 DEL
632 565 1040 635 CAPITULO PRIMERO.
222 653 1437 723 Envidia de los hijos de Jacob contra José su hermano: ellos le venden á los
331 710 1337 768 Madianitas y estos á Putifar en Egigto, á donde le conducen.
