1753 2480
436 109 481 188 2.
206 157 684 235 Ab la guitarra á la ma
167 214 620 281 vinch á cantarte de nit,
169 270 661 324 te vull dir mil amoretas :
159 305 781 388 ¡ ay cuan sufreix lo meu pit !!...
200 378 727 467 Tot lo que tú 'm fas pená
159 431 580 498 ab tota la fé tu juru
152 485 568 551 pero sènsse mes jurá
157 539 607 593 á casa teva am deturu
165 570 640 636 ab la guitarra á la ma.
208 648 642 721 Dirás que soch atrevit
171 704 649 770 de trencarte la dormida;
171 746 607 810 pero com soch dessidit,
163 797 638 855 conssól de la meva vida
169 843 616 903 vinch á cantarte de nit.
212 896 737 985 Tens las mans tan petitetas
177 967 756 1039 que 'm van fè quedá encantát;
167 1016 671 1082 son bonicas y blanquetas,
167 1062 574 1122 y avuy ab formalitát
177 1101 644 1161 te vull dir mil amoretas.
223 1184 667 1248 Vay perdre tot lo .sentit
167 1235 682 1299 cuan vay repará 'l teu cos,
173 1281 667 1343 que á mes de sè tan petit
171 1328 655 1386 es primét y mol graciós,
175 1372 795 1450 ¡ ay cuan sufreix lo meu pit! !...
446 1419 485 1516 3.
212 1475 802 1581 Los teus cabells son de ort fi :
171 1547 634 1605 me encantá la teva veu
177 1589 715 1659 los teus ulls son dos miralls
177 1632 781 1707 que á dintre y vey lo cor meu.
214 1702 634 1787 Ets un hermos serafí
183 1764 690 1839 que al aire yo at vey bolá,
173 1822 675 1876 y sempre am míras á mí,
175 1857 744 1926 y al véuret tinch de esclamá;
177 1909 735 1973 los teus cabells son de ort fi.
212 1975 760 2068 Lo que 'm sabria mes greu
181 2029 568 2097 lo no sentirte sovin,
171 2072 647 2143 y sempre suplico á Dèu
181 2120 711 2203 que yo at puga aná sentin;
175 2174 636 2267 me encantá la teva veu.
924 99 1399 186 Yo corro boscos y avalls
878 161 1316 235 per veure la cara teva
870 202 1444 281 que 'm fá passá mil treballs :
872 252 1314 322 y per mí nineta meva,
882 293 1444 374 los teus ulls son dos miralls.
917 363 1422 448 Mon cor dia y nit se creu
884 419 1484 498 que tú 'ls meus suspirs reculls:
882 481 1438 541 tu ets blanqueta com la neu
872 520 1453 589 cuan me miro yo 'ls teus ulls
874 570 1409 663 á dintre y vey lo cor meu.
1159 640 1194 713 4.
926 688 1376 766 Yo ne estaré mol contén
874 739 1364 803 si acás tú surts al balcó,
878 787 1318 855 mol milló podrás sentí
880 839 1347 905 com te cánto la canssó.
928 896 1525 989 No at mous del meu pensamen
880 965 1473 1039 y 'l que at dich es mol segú :
882 1006 1323 1076 ara que no passa gent
884 1060 1323 1116 sols pugui véuret á tú
884 1099 1351 1171 yo ne estaré mol conten.
930 1163 1444 1250 Aquell «si » que espero yo
878 1231 1323 1291 me aurias de contestá :
888 1273 1337 1339 ara es mol bona ocasió
884 1326 1345 1386 per poguerma aconssolá
888 1364 1376 1436 si acás tú surts al balcó.
919 1442 1428 1516 Per Dèu, déixat de dormí,
888 1496 1287 1564 escólta la meva veu,
882 1535 1380 1612 no 'm fassis ya mes pati;
888 1591 1331 1653 si agüaitas angelét mèu
880 1624 1393 1709 mol milló 'm podrás sentí.
928 1690 1426 1779 Ets la llum de ma ilusió,
890 1760 1362 1831 ets lo que vey mes aprop
888 1808 1269 1880 y sento tanta dulssó
884 1847 1395 1924 que la boca 's torna arrop
886 1901 1358 1973 cuan te cánto la canssó.
1161 1971 1209 2052 5.
932 2015 1467 2105 La nit és mol fresca y pura
886 2079 1354 2139 solét te estich aguardán :
890 2124 1360 2188 cuan me reparo la lluna
882 2172 1405 2267 sembla que le estich mirán.
